21117 28629
912 1129 402 118 \\«»*«
1403 1134 175 85 RO.
1734 1143 231 80 For
2065 1148 425 85 details
2589 1153 128 80 of
2792 1153 217 80 th*
3099 1157 321 76 Weal
3449 1157 203 76 her
3742 1176 203 57 ire
4030 1153 317 90 Pad*
4446 1157 146 76 H.

1455 1384 180 142 A
2466 1417 151 104 at
2721 1398 345 128 Fort
3170 1398 510 128 Mason
3789 1403 236 123 the
4124 1398 231 123 onl
4365 1436 90 118 y

869 1635 38 76 s
2457 1597 713 137 transport
3231 1573 430 128 docks
3713 1573 501 128 owned
4276 1573 184 156 by

1020 1795 3468 350 FRANCISCO

1049 2202 288 132 this
1446 2235 1186 142 government—3
2740 2258 321 90 con-
3255 2225 170 118 X
3515 2220 170 123 T
3850 2206 170 137 A
4214 2211 250 132 O*

1054 2400 378 113 crete
1512 2391 439 132 docks
2036 2405 250 118 500
2362 2395 283 128 feet
2721 2400 335 156 long
3260 2343 1224 198 JLXXJL^

1143 2858 978 175 VOLUME
2287 2877 1214 161 CXILL—NO.
3676 2882 236 151 19.

917 3317 4162 661 MORGAN,
5414 3208 3912 770 QUIZZED
9713 3246 1224 661 BY
11225 3231 6047 746 UNTERMYER,
17546 3222 2627 685 MEEK

935 4403 2031 562 Hunger
3302 4384 529 501 of
4167 4365 2306 595 Besieged
6761 4380 1800 576 Troops
8901 4313 2187 609 Compels
11443 4313 2561 506 Ottomans
14301 4375 510 435 to
15052 4323 1450 487 Treat
16776 4318 1318 491 With
18402 4323 1781 501 Greece

917 5287 709 562 CZAR
1876 5287 1106 562 SERVES

1025 6005 1261 562 NOTICE
2490 5995 765 572 THAT

1110 6723 1176 576 ALLIES
2622 6713 836 576 WILL

883 7431 208 666 ,
1299 7455 373 567 BE
1805 7431 1753 591 PROTECTED

917 8296 737 161 Russian
1871 8301 865 156 Premier's
2957 8296 624 189 Speech

1124 8542 175 156 in
1398 8551 288 151 the
1781 8551 553 151 Duma
2433 8546 170 156 Is
2707 8532 874 198 Regarded

1124 8835 189 104 as
1417 8787 1176 189 Conciliatory,
2702 8787 298 142 but
3104 8778 477 151 Plain

1124 9024 992 161 Intimation
2254 9057 180 123 to
2570 9033 283 142 the
2986 9019 591 146 World

1129 9269 454 156 That
1961 9274 236 146 St.
2570 9265 1011 184 Petersburg

1124 9510 619 156 Stands
2022 9510 638 156 Behind
2943 9501 638 156 Balkan

1134 9751 557 161 States
1791 9756 170 151 in
2065 9756 794 189 Securing
2957 9742 534 198 Legiti-

1120 10030 454 123 mate
1772 9997 557 156 Fruits
2513 9992 175 151 of
2882 9987 699 189 Victory

1139 10233 444 161 Over
1710 10243 803 156 Moslems
2636 10233 165 151 in
2934 10233 643 151 Levant

912 10715 860 161 SERVIA
1876 10720 676 151 TRIES
2655 10715 657 156 HARD

1195 10961 317 156 TO
1602 10961 874 156 HUMOR
2556 10951 1016 161 AUSTRIA

902 11443 1243 161 Ambassadors
2230 11443 175 156 of
2490 11447 676 151 Powers
3255 11443 217 151 De-

1124 11683 364 161 cide
1611 11721 184 123 to
1923 11693 831 156 Maintain
2877 11688 694 189 Secrecy

1120 11929 1058 198 Concerning
2665 11929 808 156 Conversa-

1115 12175 515 175 tions;
1767 12175 557 151 When
2457 12170 813 194 Question
3402 12170 175 151 of

1124 12416 1087 161 Dardanelles
2310 12416 567 156 Arises
2976 12416 600 189 Envoy

1110 12657 184 151 of
1460 12661 506 151 Great
2131 12661 425 151 Bear
2721 12661 855 146 Demands

1110 12898 454 156 That
1857 12907 283 146 the
2433 12898 609 156 Straits
3340 12898 236 151 Be

1120 13139 690 194 Opened
2031 13139 444 194 Only
2693 13172 180 123 to
3090 13139 364 156 War-

1101 13384 463 198 ships
1635 13384 175 156 of
1885 13389 822 194 Emperor
2773 13384 794 156 Nicholas

1843 13861 746 85 HIIXETIX

1025 14013 624 104 LOXOOX,
1710 14017 265 85 Dec.
2041 14017 548 80 10.—The
2655 14008 581 109 Belgrade
3298 14036 198 61 cor-

879 14202 718 104 respondent
1672 14206 132 80 of
1866 14211 208 80 the
2145 14206 354 99 Dally
2570 14206 279 85 Mall
2924 14211 350 76 aends
3350 14206 203 80 the

817 14395 180 90 -fin
1016 14395 24 76 I
1063 14395 487 99 lowing:
1942 14400 331 85 learn
2367 14395 307 90 that-
2740 14405 213 76 tha
3043 14405 501 76 Austro-

879 14584 477 90 Serrlan
1422 14594 477 94 dispute
1956 14594 217 80 has
2239 14594 293 80 been
2598 14594 435 76 solved.
3142 14594 397 80 Servla

869 14745 246 80 Trill
1205 14750 619 90 recognise
1909 14773 142 57 an
2135 14750 789 80 autonomous
3005 14745 539 94 Albania,

865 14901 619 94 receiving;
1554 14901 208 80 the
1833 14924 208 61 use
2117 14906 128 80 of
2310 14924 71 57 a
2461 14906 742 76 commercial
3274 14910 269 85 port

874 15080 151 57 on
1124 15061 203 76 the
1422 15061 576 80 Albanian
2098 15066 331 76 coast
2523 15057 643 80 connected'
3255 15061 279 76 with

879 15217 406 76 Servla
1375 15217 146 90 by
1606 15236 66 61 a
1753 15217 472 80 neutral
2306 15217 605 90 railway.''

1025 15506 609 109 LONDON,
1710 15506 265 104 Doc
2050 15482 293 123 I*!—
2357 15510 231 90 The
2660 15524 420 80 nature
3151 15515 123 85 of
3345 15515 194 80 the

883 15666 161 80 d»'
1110 15671 283 80 ision
1469 15666 373 85 which
1923 15671 189 80 the
2178 15671 510 80 Turkish
2769 15676 775 94 government

888 15822 472 85 arrived
1455 15827 123 76 at
1668 15822 350 99 today
2112 15831 99 76 is
2301 15827 208 80 not
2589 15822 468 94 known,
3146 15827 213 80 but
3449 15822 99 85 is

879 15973 534 90 believed
1526 15983 113 80 to
1743 15973 137 94 be
1984 15978 283 85 such
2376 15997 128 61 as
2608 15983 123 76 to
2830 15978 411 80 enable
3345 15978 198 80 the

879 16148 359 80 peace
1294 16124 699 90 conference
2055 16134 113 80 to
2235 16148 454 76 resume
2754 16129 151 94 Its
2929 16148 28 19 v
2962 16129 572 85 dellbera-

1030 16441 784 99 Considering
1899 16446 260 80 that
2249 16446 364 85 under
2702 16446 189 80 the
2981 16450 359 76 terms
3430 16446 118 80 of

888 16592 203 85 the
1176 16597 605 90 armistice
1866 16592 468 109 Turkey
2424 16606 90 80 is
2598 16602 562 80 debarred
3246 16597 298 85 from

888 16748 803 99 revlctualing
1838 16753 194 80 the
2178 16748 543 99 besieged
2877 16753 666 99 fortresses,

888 16899 213 85 she
1191 16904 213 80 has
1488 16899 321 85 little
1894 16913 118 71 to
2098 16904 279 99 gain
2466 16909 146 94 by
2702 16904 387 85 undue
3175 16909 369 94 delay.

888 17050 241 85 The
1224 17055 557 104 growing
1866 17060 553 99 strength
2513 17060 132 80 of
2731 17060 198 80 the
3024 17060 520 99 military

888 17216 354 94 party
1342 17211 118 85 in
1564 17211 983 104 Constantinople
2646 17235 260 80 may
3009 17216 293 85 have
3402 17235 142 66 an

893 17367 728 94 unexpected
1729 17367 572 90 influence
2400 17391 146 57 on
2646 17372 194 85 the
2943 17372 600 85 situation.

1035 17518 231 80 The
1351 17518 515 85 Russian
1956 17518 605 104 premier's
2646 17523 416 94 speech
3151 17528 113 85 in
3354 17528 194 80 the

888 17669 387 99 duma,
1380 17674 378 80 which
1871 17693 246 66 was
2216 17679 506 80 awaited
2825 17679 279 85 with
3208 17679 335 90 much

893 17830 539 90 interest,
1512 17830 99 80 is
1691 17825 572 99 regarded
2343 17849 123 61 as
2546 17854 71 61 a
2688 17835 529 94 peaceful
3298 17835 184 85 fac-

1243 17995 151 66 •jt
1488 17995 123 66 at
1691 17986 198 80 the
1975 18005 317 66 same
2376 17991 279 80 time
2731 17991 85 80 it
2910 17991 90 80 is
3080 18009 61 61 a
3231 17995 312 90 plain

888 18132 690 85 intimation
1701 18142 118 76 to
1946 18137 194 80 the
2263 18137 359 85 world
2745 18142 265 85 that
3113 18146 435 85 Russia

883 18288 425 85 stands
1389 18288 383 99 firmly
1852 18288 425 85 behind
2357 18293 198 80 the
2631 18293 458 90 Balkan
3175 18302 373 85 states

883 18439 118 90 in
1087 18439 567 104 securing
1724 18444 156 85 all
1970 18444 198 80 the
2244 18439 666 104 legitimate
2991 18449 359 85 fruits
3430 18454 123 85 of

888 18595 312 85 their
1280 18595 468 99 victory
1824 18595 231 85 and
2135 18595 595 85 therefore
2811 18624 265 71 may
3151 18605 137 85 be
3369 18624 118 66 re-

879 18746 463 104 garded
1469 18751 657 85 somewhat
2249 18751 109 85 in
2490 18751 198 85 the
2806 18756 312 104 light
3236 18761 123 80 of
3482 18784 71 66 a

883 18902 562 104 ■warning
1545 18907 118 80 to
1743 18902 524 90 Austria.

879 19101 1044 80 GOVERNMENT
1998 19101 1082 90 CONCILIATORY

1035 19252 241 85 The
1356 19252 487 85 Servian
1923 19266 780 85 government
2787 19261 99 85 is
2967 19261 359 104 doing
3402 19271 156 80 its

888 19417 454 90 Utmost
1446 19413 123 90 to
1668 19413 350 80 avoid
2121 19413 666 99 needlessly
2891 19427 652 90 provoking

888 19569 524 85 Austria.
1592 19569 524 85 Premier
2230 19569 591 99 Pachitch,
2929 19578 624 99 according

898 19729 113 85 ts
1101 19753 61 57 a
1252 19724 581 104 Belgrade
1913 19724 576 104 dispatch,
2580 19729 208 80 has
2872 19734 472 80 written
3435 19739 118 85 to

1290 19885 335 85 Mtors
1715 19885 123 85 of
1923 19890 198 80 the
2211 19885 472 99 leading
2769 19904 780 90 newspapers,

888 20036 449 104 urging
1431 20041 317 85 them
1852 20046 123 80 to
2074 20036 449 90 refrain
2622 20036 302 90 from
3024 20046 463 99 publish-

883 20202 208 99 ing
1167 20197 491 90 articles
1734 20197 761 104 provocative
2575 20202 123 80 to
2764 20197 491 90 Austria
3331 20206 217 85 and

888 20357 241 80 two
1219 20357 586 99 Belgrade
1894 20372 425 85 papers
2405 20353 302 85 have
2797 20357 288 90 been
3175 20357 378 90 seized

879 20509 203 94 for
1167 20513 643 99 attacking
1885 20509 524 85 Austria.

1030 20674 128 85 In
1276 20669 728 90 accordance
2121 20665 288 90 with
2532 20669 194 85 the
2844 20679 472 94 request
3435 20679 123 80 of

869 20835 217 85 the
1176 20830 619 99 delegates
1890 20830 118 80 to
2102 20825 194 80 the
2386 20839 350 85 peace
2830 20825 718 99 conference.

888 20991 180 80 Sir
1172 20986 510 90 Edward
1786 20981 312 104 Grey
2197 20981 213 85 has
2513 20981 633 99 appointed
3255 20986 222 85 Her-

883 21161 269 76 man
1257 21142 576 94 Cameron
1932 21137 553 99 Norman,
2594 21137 260 85 first
2953 21146 600 99 secretary

846 21302 165 123 \©f
1124 21302 198 90 the
1446 21302 454 85 British
2022 21293 690 104 diplomatic
2835 21293 477 109 service,
3435 21307 118 76 to

879 21458 293 90 take
1266 21463 444 94 charge
1809 21449 128 90 of
2031 21449 203 90 the
2334 21449 704 85 secretariat
3142 21454 123 80 of
3359 21458 194 85 the

874 21614 737 90 conference.

1020 21770 236 90 The
1365 21765 846 90 ambassadors
2320 21761 128 90 of
2556 21761 198 85 the
2863 21784 458 76 powers
3430 21770 118 80 at

879 21931 203 85 the
1167 21926 534 109 meeting
1781 21926 364 94 today
2235 21917 633 90 confirmed
2962 21917 307 90 their
3354 21921 132 90 de-

874 22087 378 85 cision
1356 22091 118 80 to
1578 22082 581 90 maintain
2268 22096 477 85 secrecy
2839 22082 713 99 concerning

883 22247 317 85 their
1290 22243 704 94 discussion,
2098 22243 208 80 but
2405 22257 222 66 one
2721 22238 128 85 of
2943 22238 194 85 the
3236 22238 250 85 dele-

879 22408 354 99 gates
1332 22403 576 90 observed
2027 22398 265 85 that
2395 22394 203 90 the
2702 22413 468 80 secrecy
3279 22398 269 94 only

879 22583 246 76 was
1214 22569 614 99 apparent,
1918 22578 137 61 as
2140 22573 142 66 on
2381 22550 194 85 the
2665 22559 307 76 most
3061 22550 416 99 import-

879 22729 208 80 ant
1191 22715 624 109 questions
1923 22715 194 85 the
2220 22706 836 90 ambassadors
3165 22710 378 85 would

879 22880 137 94 be
1082 22880 647 99 compelled
1814 22880 118 76 to
2013 22871 472 85 consult
2561 22866 283 85 with
2924 22866 198 90 the
3203 22890 345 80 peace

879 23041 614 94 delegates
1611 23031 113 90 in
1838 23027 345 85 order
2301 23031 118 80 to
2532 23022 595 94 ascertain
3241 23027 307 85 their

879 23197 666 85 Intentions
1668 23192 231 80 and
2031 23178 194 94 the
2353 23178 520 104 feelings
2995 23183 128 85 of
3241 23183 312 85 their

883 23353 633 90 countries.

879 23509 671 94 OEC&BCY
1635 23513 534 80 WOll-D
2249 23509 198 80 BE
2523 23509 548 80 FUTILE

1020 23669 515 99 Besides,
1630 23669 198 80 the
1918 23683 326 66 same
2334 23660 543 99 delegate
2967 23660 402 90 added,
3458 23669 80 94 jt

874 23830 397 90 would
1375 23830 137 85 be
1616 23825 454 90 useless
2173 23830 118 76 to
2391 23816 586 90 maintain
3080 23835 468 85 secrecy

879 24014 142 66 on
1148 23986 652 94 secondary
1923 23986 501 80 matters
2546 23981 340 80 when
3009 23972 326 90 what
3449 23972 99 90 is

1328 24146 123 80 of
1512 24142 444 104 capital
2027 24142 732 99 importance
2830 24132 425 104 openly
3317 24137 227 85 and

874 24312 586 94 solemnly
1569 24302 99 85 is
1772 24298 723 104 proclaimed
2613 24302 113 80 to
2844 24293 194 85 the
3146 24293 397 85 world.

869 24472 180 85 He
1129 24468 619 90 instanced
1838 24463 203 85 the
2121 24458 420 99 speech
2627 24463 128 80 of
2835 24454 137 85 M.
3061 24425 402 113 kokov-

869 24624 265 113 soff,
1205 24628 198 90 the
1479 24614 515 94 Russian
2065 24614 539 109 premier,
2679 24609 293 99 who,
3047 24614 137 80 he
3255 24614 307 90 saidr

879 24789 354 94 today
1337 24780 369 104 spoke
1814 24780 406 80 before
2324 24775 198 85 the
2622 24780 383 90 duma,
3113 24770 213 85 but
3430 24765 146 128 in;

874 24945 439 104 reality
1394 24935 643 90 addressed
2126 24931 184 85 his
2391 24935 657 80 statement
3137 24935 123 76 to
3345 24926 198 90 the

874 25101 383 90 whole
1361 25101 123 85 of
1587 25101 468 99 Europe
2154 25091 118 90 In
2376 25091 203 90 the
2679 25106 340 76 name
3123 25087 123 85 of
3350 25082 198 90 the

1365 25252 548 94 Slavonic
1998 25257 227 85 and
2310 25247 581 90 orthodox

1011 25422 132 90 M.
1233 25417 761 90 KokovsofTs
2069 25417 458 99 speech,
2603 25403 865 99 notwithstand-

883 25578 198 94 ing
1172 25583 198 85 the
1469 25578 335 85 usual
1904 25564 737 94 declaration
2735 25569 123 85 of
2953 25569 198 85 the
3246 25559 293 85 wish

874 25734 364 90 above
1304 25729 156 94 all
1535 25739 118 80 to
1724 25748 557 85 preserve
2343 25748 383 80 peace,
2792 25715 746 109 emphasized

883 25880 194 99 the
1143 25890 732 99 importance
1946 25885 128 85 of
2150 25885 189 85 the
2419 25880 671 99 unanimity
3156 25880 123 85 of
3345 25876 198 85 the

879 26046 454 90 Balkan
1455 26046 477 104 peoples
2046 26041 231 85 and
2391 26036 841 104 representing
3345 26031 194 85 the

879 26220 562 80 emperor,
1535 26202 265 80 who
1890 26202 99 80 is
2079 26202 198 80 the
2367 26211 548 85 supreme
3009 26183 529 109 political

879 26367 411 90 patron
1370 26357 227 85 and
1677 26353 638 85 venerated
2395 26343 557 109 spiritual
3043 26339 293 90 head
3420 26339 123 90 of

879 26509 203 85 tho
1172 26509 586 90 orthodox
1861 26504 406 104 world,
2372 26504 472 104 praised
2957 26499 198 85 the
3265 26494 274 85 civil

883 26665 217 85 and
1157 26660 529 99 military
1743 26660 458 90 virtues
2263 26660 128 90 of
2447 26660 198 90 the
2712 26650 373 94 allies,
3146 26669 312 85 prom-

883 26816 312 99 ising
1304 26820 317 85 them
1734 26820 496 94 support
2339 26816 307 85 from
2769 26811 198 90 the
3076 26811 463 80 mother

879 26967 458 99 Russia,
1833 26991 128 66 so
2046 26967 194 85 far
2315 26967 104 90 is
2499 26967 274 94 glad
2858 26962 213 85 she
3156 26962 99 85 is
3335 26962 198 80 not

883 27128 118 76 to
1110 27128 454 99 change
1682 27128 189 85 the
1989 27123 293 85 calm
2400 27118 520 90 attitude

869 27288 132 71 a>.
1101 27279 227 90 this

1016 27430 307 85 This,
1427 27430 118 90 in
1639 27430 312 99 plain
2046 27430 638 94 language,
2778 27439 406 71 means
3279 27420 260 85 that

1101 27647 647 85 CoaUaued
1838 27666 151 66 ea
2083 27652 317 94 Page
2490 27694 90 43 -,
2674 27647 487 80 Column
3250 27647 66 76 3
3449 27647 128 99 I

5513 2461 331 132 The
5934 2457 746 151 People's
6789 2447 1143 161 Newspaper"'

3699 5202 1172 194 LAWSUIT
4923 5197 1101 189 LINGERS

4148 5476 723 189 LONG
4942 5476 279 189 IN
5291 5471 1039 194 COURTS

3699 5976 496 146 Action
4261 5976 128 142 in
4460 5967 510 156 Ouster
5031 5967 633 189 Brought
5726 5972 128 146 in
5943 5967 369 151 1865

4110 6217 132 156 Is
4323 6213 765 161 Dismissed
5173 6217 180 180 by
5428 6213 463 184 Judge

4616 6458 312 156 Van
5013 6463 397 156 Fleet

3831 6912 340 85 After
4247 6912 595 99 dragging:
4932 6917 510 94 through
5528 6917 335 80 court
5943 6907 331 90 calen-

3699 7101 260 80 dars
4049 7106 175 80 for
4304 7106 109 80 47
4498 7129 373 71 years,
4946 7134 66 61 a
5088 7110 236 85 suit
5405 7129 241 66 was
5721 7101 614 90 dismissed

3699 7285 619 109 FftSterfey
4446 7294 146 94 by
4710 7299 383 99 Judge
5220 7299 506 85 William
5854 7294 109 90 C.
6085 7294 250 80 Van

3709 7479 317 85 Fleet
4148 7483 104 85 in
4375 7488 194 85 the
4682 7488 420 85 United
5296 7493 392 80 States
5872 7483 463 104 district

3699 7677 354 76 court.
4214 7677 231 85 The
4535 7682 387 85 action
5017 7701 236 66 was
5343 7682 510 104 brought
5943 7687 113 80 in
6146 7677 189 85 the

3699 7866 411 85 United
4219 7866 387 90 States
4710 7871 416 85 circuit
5230 7885 335 76 court
5665 7871 671 104 September

3704 8050 142 104 If,
3969 8060 279 90 1*55,
4361 8065 142 99 by
4611 8065 591 85 Theodore
5570 8065 279 104 Roy.
5957 8065 383 99 styled

3935 8220 454 90 subject
4498 8220 123 80 of
4800 8230 194 71 tne
5169 8220 454 90 French

3699 8372 468 94 against
4247 8376 406 85 Daniel
4739 8376 402 99 Casey.
5220 8381 515 85 William
5820 8381 515 90 Duncan,

3699 8523 501 90 William
4436 8532 553 94 Schields.
5220 8542 302 80 John
5745 8537 591 85 Bowman.

3699 8683 444 99 George
4205 8688 94 85 S.
4370 8688 454 109 Sperry,
4890 8693 463 90 Samuel
5419 8693 482 94 Wilcox,
5967 8698 369 80 David

3699 8844 468 85 Mltchel
4280 8849 222 85 and
4616 8849 402 85 others
5131 8854 123 80 to
5357 8854 307 99 eject
5773 8854 194 80 the
6146 8854 128 80 de-

3699 8995 553 94 fendants
4370 9009 298 80 from
4786 9028 61 61 a
4965 9009 335 99 large
5414 9019 307 80 tract
5835 9014 123 80 of
6076 9009 265 90 land

3704 9156 104 85 In
3921 9156 213 90 San
4247 9161 496 104 Joaquin
4857 9170 463 94 county,
5433 9165 609 109 including
6146 9170 194 85 the

4370 9321 298 80 Paso
4786 9321 180 85 del
5962 9345 302 66 some-

3699 9468 340 90 times
4139 9477 430 90 known
4672 9501 128 66 as
4904 9482 633 85 "Bonsell's
6231 9482 104 85 It

3699 9647 241 71 was
4044 9624 458 109 alleged
4602 9633 113 90 in
4814 9638 203 94 the
5112 9643 246 85 suit
5457 9643 265 80 that
5825 9666 142 61 on
6066 9638 269 94 July

3699 9784 156 94 27.
3964 9784 288 104 1865,
4365 9789 198 90 the
4668 9794 709 90 defendants
6142 9794 203 85 the

4720 9954 260 85 who
5102 9959 283 80 sued
5513 9954 189 80 for
5825 9954 260 99 $300
6274 9973 71 61 a

3709 10101 392 85 month
4172 10106 293 94 rent,
4526 10101 364 99 $2,000
4951 10110 562 99 damages
5570 10110 231 85 and
5863 10106 425 90 restitu-

3699 10257 236 85 tion
4020 10261 123 85 of
4219 10261 194 90 the
4493 10271 586 94 property.
5225 10266 241 85 The
5542 10266 794 99 complainant

3699 10431 236 61 wa*
4058 10422 751 90 represented
4923 10422 151 104 by
5192 10422 198 85 the
5509 10427 227 85 law
5854 10427 246 85 firm
6222 10422 123 85 of

3699 10569 652 99 Patterson,
4436 10578 515 85 Wallace
5031 10583 90 85 &
5202 10583 345 80 Stow.
5698 10578 231 90 The
6014 10602 260 76 pres-

3699 10734 194 76 ent
3973 10748 463 71 owners
4521 10734 128 85 of
4734 10739 194 85 the
5013 10739 279 85 land
5381 10743 406 80 moved
5872 10739 184 85 for
6142 10734 198 85 the

3699 10885 576 90 dismissal
4365 10890 128 85 of
4559 10894 198 85 the
4838 10894 265 90 suit.

3699 11150 954 132 AVIATRIX
4791 11159 1077 128 ABANDONS
6009 11159 335 123 AIR

3690 11471 283 76 Miss
4063 11471 491 90 Matilda
4649 11476 510 85 Molsant
5263 11476 293 85 Sells
5650 11476 694 94 Monoplane

4224 11631 231 80 and
4531 11631 269 80 Will
4885 11631 279 80 Soar
5239 11631 175 85 Xo
5485 11631 321 85 More

3822 11811 279 90 Miss
4209 11816 501 90 Matilda
4800 11820 548 99 Molsant,
5461 11816 359 90 sister
5920 11820 123 90 of
6146 11816 194 90 the

3690 11972 231 90 late
3997 11972 293 85 John
4370 11972 515 90 Molsant
4956 11976 222 85 and
5263 11976 449 85 herself
5778 11995 66 66 a
5920 11976 420 99 daring

3685 12128 548 90 aviatrix.
4337 12132 213 80 has
4649 12132 345 99 given
5098 12156 146 76 up
5348 12132 198 85 the
5650 12132 690 99 navigation

3685 12279 123 80 of
3883 12283 194 80 the
4162 12307 175 61 air
4417 12283 359 90 lanes.
4928 12293 217 80 She
5235 12307 241 66 was
5551 12312 66 61 a
5698 12307 643 80 passenger

3685 12430 298 94 from
4077 12439 520 90 Panama
4687 12449 113 80 to
4885 12444 557 99 Acajutla
5528 12463 142 66 on
5764 12444 189 85 the
6047 12439 293 85 liner

3685 12591 213 85 San
3978 12595 307 99 Jose,
4361 12600 383 85 which
4824 12600 468 85 arrived
5367 12600 269 80 here
5712 12595 628 104 yesterday

3685 12746 298 85 from
4063 12751 194 85 the
4337 12761 359 80 lower
4767 12765 354 76 coast.

3817 12898 283 90 Miss
4200 12907 510 85 Molsant
4809 12931 246 66 was
5154 12931 66 66 a
5320 12917 312 80 close
5731 12907 387 90 friend
6217 12907 123 90 of

3685 13058 194 85 the
3950 13063 236 85 late
4252 13063 491 90 Harriet
4805 13068 529 99 Quimby,
5409 13068 198 85 the
5669 13068 227 85 San
5967 13063 302 90 Fran-

3680 13209 307 90 cisco
4077 13219 231 99 girl
4394 13219 260 90 who
4739 13243 246 66 was
5069 13247 71 61 a
5220 13224 402 85 victim
5712 13224 128 85 of
5920 13243 213 61 one
6217 13219 123 85 of

3685 13365 194 90 the
3978 13389 345 85 many
4422 13375 600 99 tragedies
5121 13375 269 90 that
5485 13380 302 85 have
5882 13394 378 66 accom-

3685 13526 411 94 panied
4172 13531 194 85 the
4441 13540 562 94 conquest
5079 13545 118 80 of
5272 13535 194 85 the
5532 13531 208 85 air.

3813 13682 104 85 It
3983 13701 246 71 was
4294 13687 198 85 the
4559 13691 345 85 death
4975 13687 123 85 of
5154 13687 288 85 Miss
5509 13687 496 99 Quimby
6076 13687 260 85 that

3676 13838 472 85 decided
4238 13838 288 90 Miss
4611 13843 510 85 Moisant
5211 13847 118 80 to
5414 13843 420 85 accede
5929 13852 118 76 to
6137 13843 194 85 the

3666 13994 557 99 pleading
4318 13994 123 85 of
4531 13998 203 85 her
4824 13998 562 80 relatives
5466 13998 231 80 and
5783 13998 260 99 quit
6132 13994 198 85 the

3666 14150 671 94 dangerous
4465 14173 373 76 game.
5041 14150 217 85 She
5395 14150 208 85 has
5735 14150 255 80 sold
6123 14150 208 80 her

3666 14301 690 104 monoplane
4488 14306 227 80 and
4861 14306 94 80 is
5088 14320 265 71 now
5485 14301 506 104 visiting
6118 14301 208 85 her

3661 14452 539 90 brothers
4271 14466 128 76 at
4469 14457 312 85 their
4852 14461 335 80 home
5258 14461 118 80 in
5452 14457 586 85 Salvador.

3666 14721 496 128 GOES
4346 14721 737 128 INSANE
5272 14721 203 123 IN
5665 14717 657 132 COURT

3666 15038 255 76 Man
4063 15057 142 61 on
4346 15038 317 80 Trial
4805 15038 189 71 for
5135 15033 463 80 Murder
5735 15033 331 80 Tries
6198 15038 123 76 to

4257 15184 553 99 Strangle
4866 15189 222 80 His
5145 15189 576 94 Attorney

3794 15373 676 99 CHICAGO,
4554 15378 265 85 Dec.
4909 15373 794 90 18.—Michael
5787 15378 534 104 Laporte.

3661 15548 146 71 on
3907 15529 283 85 trial
4290 15529 189 85 for
4578 15529 501 99 murder,
5178 15529 576 99 suddenly
5858 15534 463 80 became

3666 15699 406 80 insane
4148 15690 109 80 in
4337 15694 331 80 court
4743 15685 378 99 today.
5268 15690 175 80 He
5513 15690 425 85 rushed
6019 15709 302 80 upon

3666 15846 180 80 his
3950 15846 439 94 lawyer
4488 15860 227 80 and
4814 15836 652 104 attempted
5570 15846 118 80 to
5787 15841 534 99 strangle

3666 16002 265 80 him.
4096 15997 383 85 While
4564 16002 203 80 the
4852 16002 439 94 lawyer
5381 15997 222 85 and
5698 15997 180 85 his
5967 15997 364 85 client

3666 16157 619 94 struggled
4455 16157 666 99 spectators
5277 16153 222 85 fled
5665 16153 298 85 from
6132 16148 194 90 the

3666 16318 694 76 courtroom.
4526 16309 463 85 Bailiffs
5079 16313 227 80 and
5395 16309 539 99 deputies
6024 16304 298 90 from

3666 16469 194 80 the
3964 16465 506 85 sheriff's
4578 16460 312 85 office
4998 16460 402 99 finally
5504 16465 817 94 overpowered

3676 16625 189 80 the
3973 16620 562 104 prisoner,
4654 16620 198 80 but
4965 16625 203 76 not
5282 16620 298 80 until
5688 16616 312 85 after
6113 16616 142 85 Ra-

3666 16781 331 99 porte
4068 16776 222 85 had
4361 16772 411 85 hurled
4843 16795 66 61 a
4975 16772 539 85 lawbook
5580 16772 123 85 at
5769 16772 198 85 the
6038 16776 283 80 head

3666 16932 123 85 of
3888 16932 203 85 the
4191 16932 581 80 assistant
4880 16928 406 85 state's
5391 16932 586 90 attorney.
6156 16928 170 85 He

3671 17088 383 85 seized
4134 17083 501 85 another
4720 17083 302 85 book
5112 17079 222 90 and
5424 17083 373 85 threw
5887 17083 90 80 it
6057 17088 132 80 at
6265 17102 71 66 a

3666 17239 520 85 witness.

3666 17499 458 128 NEW
4228 17494 548 132 YORK
4880 17494 794 132 BEAUTY
5787 17494 543 132 DEAD

3671 17802 317 80 Belle
4077 17806 132 76 of
4290 17806 387 90 Coney
4767 17802 402 80 Island
5258 17802 420 80 Victim
5769 17797 132 85 of
5986 17802 340 80 Cruel

4384 17957 430 80 Advice
4904 17962 132 76 of
5121 17953 491 85 Friends

3694 18146 392 94 (Special
4162 18146 449 90 Dispatch
4687 18156 99 66 to
4847 18146 189 76 The
5098 18146 194 76 Call
5457 18146 165 94 i

3808 18307 335 85 NEW
4243 18302 439 99 YORK,
4781 18307 260 80 Dec.
5145 18302 643 85 18.—Clara
5891 18302 359 85 Zanar-

3676 18458 293 99 thas,
4035 18482 66 66 a
4172 18458 491 90 Grecian
4739 18477 449 66 woman
5268 18458 222 85 and
5570 18458 189 80 the
5835 18458 298 85 belle
6208 18458 123 85 of

3671 18624 383 90 Coney
4148 18619 416 90 island,
4663 18614 255 85 died
5017 18614 387 99 today,
5499 18633 66 61 a
5655 18624 458 90 martyr
6208 18614 123 85 to

3671 18775 198 80 her
3945 18770 567 90 ambition
4587 18780 123 80 to
4786 18770 463 85 become
5320 18770 198 85 the
5594 18780 307 76 most
5967 18770 283 85 beau-

3676 18926 269 90 tiful
4025 18931 128 85 of
4224 18926 161 90 all
4465 18945 444 71 women
4989 18926 231 85 and
5296 18945 76 61 a
5443 18926 402 85 victim
5924 18926 128 85 of
6132 18926 194 85 the

3666 19087 317 80 cruel
4087 19082 406 90 advice
4597 19082 123 85 of
4824 19087 477 94 friends,
5400 19082 265 80 who
5773 19082 246 85 told
6123 19087 203 80 her

3676 19247 246 80 that
4020 19243 90 80 if
4195 19238 203 90 she
4488 19238 274 85 took
4852 19238 643 85 bichloride
5580 19238 123 80 of
5787 19257 534 80 mercury

3666 19394 109 90 in
3855 19394 335 85 small
4271 19394 340 85 doses
4687 19394 203 85 she
4965 19398 378 94 would
5424 19394 468 85 become
5967 19394 283 85 beau-

3671 19554 269 80 tiful
4054 19550 444 94 beyond
4611 19550 198 85 her
4913 19550 463 85 wildest
5480 19550 420 85 dream.
6090 19550 231 85 The

3671 19729 392 76 young
4157 19724 454 66 woman
4710 19701 255 90 died
5074 19706 109 85 in
5287 19706 194 85 the
5580 19715 302 71 most
5981 19715 340 76 acute

3666 19880 420 80 agony,
4209 19857 619 104 breathing
4956 19861 203 85 her
5272 19857 236 90 last
5622 19857 515 104 through
6255 19885 71 61 a

3661 20017 359 85 silver
4110 20017 265 85 tube
4465 20017 510 80 inserted
5065 20017 104 80 in
5258 20013 203 90 her
5546 20013 430 90 throat.

3661 20282 671 165 JURIST
4498 20282 227 123 AS
4894 20277 638 128 SANTA
5702 20277 624 132 CLAUS

3661 20598 383 94 Judge
4101 20594 510 85 Graham
4682 20594 430 76 Allows
5169 20594 274 90 9500
5499 20594 340 80 From
5901 20594 425 85 Estate

4224 20754 189 80 for
4479 20745 652 85 Christmas
5206 20750 557 85 Presents

3794 20943 383 99 Judge
4323 20939 501 85 Thomas
4975 20939 118 85 F.
5244 20939 510 90 Graham
5901 20939 420 104 played

3666 21099 354 85 Santa
4153 21094 345 85 Claus
4630 21090 624 104 yesterday
5381 21094 113 85 in
5622 21094 694 90 connection

3661 21260 283 76 with
4030 21255 198 85 the
4313 21255 378 80 estate
4776 21250 123 85 of
4975 21250 298 85 Fred
5357 21250 118 85 E.
5561 21250 449 85 Hilmer
6090 21255 227 80 and

3666 21406 194 90 the
3969 21406 345 94 heirs,
4422 21406 265 85 who
4786 21425 203 66 are
5088 21425 350 66 seven
5542 21406 780 99 grandnieces

3661 21567 222 85 and
4049 21562 973 104 grandnephews.
5249 21557 317 85 With
5731 21562 194 85 the
6090 21567 231 80 two

3666 21728 576 94 youngest
4309 21718 520 85 children
4899 21737 142 66 on
5112 21713 373 90 either
5551 21713 246 90 side
5863 21718 123 85 of
6047 21718 265 99 him,

3666 21879 198 85 the
3935 21883 340 80 court
4351 21874 411 94 signed
4843 21893 146 66 an
5065 21869 340 85 order
5476 21869 572 104 allowing
6123 21874 198 85 the

3666 22035 312 85 heirs
4058 22035 260 94 |500
4403 22030 298 85 from
4781 22030 194 80 the
5046 22030 387 85 estate
5509 22025 180 85 for
5769 22030 194 85 the
6043 22049 208 80 pur-

3666 22214 269 76 pose
4002 22191 123 80 of
4186 22181 449 99 buying
4691 22181 657 85 Christmas
5409 22191 567 94 presents.
6080 22181 236 90 The

3666 22346 548 99 property
4328 22337 591 85 consisted
5036 22337 118 85 of
5268 22332 354 104 |3,100
5745 22337 109 90 in
5972 22342 340 85 bank.

3657 22502 236 80 The
3987 22498 312 85 heirs
4389 22517 198 57 are
4677 22493 628 80 Catherine
5391 22493 463 94 Brown,
5943 22498 373 85 Annie

3666 22658 373 90 Kelly,
4115 22649 775 90 Wilhelmine,
4965 22639 373 99 Ethel,
5409 22639 520 104 Charles,
6000 22649 317 90 Elsie

3666 22805 213 90 and
3945 22805 534 90 Dorothy
4545 22800 477 85 Hilmer.

3661 23069 543 132 FORM
4346 23060 912 132 HOLDING
5386 23060 926 137 CONCERN

3661 23391 369 76 Street
4120 23381 557 80 Railroad
4772 23376 572 80 IntereM*
5428 23376 496 85 Charter
6000 23381 250 90 Cali-

3784 23537 387 80 fornia
4238 23528 534 94 Railway
4838 23528 231 85 and
5126 23528 420 85 Power
5598 23532 595 99 Company

3794 23721 534 94 DOVER.
4427 23717 274 94 Del.,
4800 23717 265 85 Dec.
5169 23717 539 85 18.—The
5806 23721 444 85 Califor-

3657 23882 198 85 nia
3931 23877 539 94 Railway
4545 23872 227 85 and
4857 23872 406 85 Power
5339 23891 600 80 company,
6028 23877 279 85 with

3657 24057 66 61 a
3822 24028 435 104 capital
4356 24028 123 85 of
4583 24019 666 104 $60,000,000
5348 24047 246 66 was
5693 24028 614 90 chartered

3657 24189 387 94 today.
4181 24189 236 80 The
4483 24198 506 85 purpose
5055 24180 128 85 of
5249 24180 198 90 the
5513 24203 600 80 company,
6180 24208 132 66 as

3657 24345 586 85 indicated
4337 24345 146 90 by
4569 24335 198 80 the
4857 24335 477 80 articles
5424 24335 123 85 of
5636 24335 605 104 incorpora-

3657 24501 279 94 tion,
4035 24501 94 80 is
4224 24501 118 80 to
4436 24491 279 85 take
4805 24506 274 66 over
5173 24491 198 80 the
5461 24491 430 85 United
5981 24496 260 85 Rail-

3657 24657 345 80 roads
4082 24647 128 85 of
4285 24647 217 85 San
4592 24638 661 104 Francisco,
5339 24647 198 80 the
5617 24643 387 90 Sierra
6090 24657 222 80 and

3652 24813 217 80 San
4025 24798 633 94 Francisco
4809 24794 406 90 Power
5367 24817 595 85 company,
6123 24803 189 85 the

3657 24969 354 80 Coast
4068 24959 477 94 Valleys
4592 24950 241 85 Gas
4890 24954 222 80 and
5178 24950 510 90 Electric
5745 24978 567 80 company

3657 25120 227 85 and
3987 25115 203 85 the
4294 25110 227 90 San
4625 25101 638 90 Francisco
5372 25110 506 90 Electric
5986 25115 260 85 Rail-

3657 25290 354 80 ways.
4181 25261 236 90 The
4517 25280 496 71 concern
5107 25261 246 85 will
5452 25261 581 90 maintain
6128 25271 123 85 of-

3657 25431 269 85 fices
3992 25427 113 85 in
4181 25422 279 80 New
4531 25417 317 85 York
4913 25413 227 90 and
5216 25417 222 85 San
5513 25417 657 94 Francisco.

3652 25682 1072 146 SMALLPOX
4989 25682 250 123 AT
5504 25682 808 132 KENNET

3671 26017 312 80 Four
4063 26008 359 85 Cases
4498 26003 132 76 of
4706 25994 572 85 Infantile
5357 25998 600 94 Paraly*!«
6038 26008 279 76 Also

4696 26159 595 90 Reported

3803 26348 652 99 KENNET,
4611 26348 269 85 Dec.
5041 26343 539 85 18.—The
5740 26348 576 109 smallpox

3671 26513 562 104 epidemic
4356 26504 265 90 that
4734 26504 217 85 has
5060 26504 288 85 been
5466 26504 614 99 prevalent
6198 26509 113 80 in

3671 26674 430 85 Shasta
4214 26665 444 99 county
4772 26655 633 104 developed
5528 26655 274 90 here
5929 26665 378 99 today,

3666 26835 222 80 and
4002 26825 128 90 at
4238 26820 203 85 the
4550 26839 321 66 same
4984 26816 279 90 time
5376 26816 269 85 four
5750 26835 331 71 cases
6194 26825 123 80 of

3671 26981 562 90 infantile
4328 26976 591 104 paralysis
5022 26991 302 66 were
5433 26972 567 99 reported.
6170 26976 146 85 Of

3671 27142 198 85 the
3959 27142 359 85 latter
4394 27142 241 76 two
4720 27128 468 90 victims
5272 27151 198 66 are
5556 27151 444 66 women
6090 27137 222 80 and

3671 27307 231 76 two
4016 27312 203 66 are
4332 27288 557 90 children.
5069 27288 90 85 A
5282 27288 704 99 quarantine
6104 27288 213 90 has

3671 27463 279 76 been
4068 27449 723 90 established
4899 27444 227 90 and
5244 27444 189 85 the
5546 27444 463 85 schools
6113 27468 198 66 are

3666 27609 420 90 closed.

5636 2329 1365 109 THE
7455 2329 1361 109 SAN
9269 2329 4087 109 FRANCISCO
13809 2329 1819 109 CALL

6638 2854 444 151 SAN
7243 2844 1328 184 FRANCISCO,
8769 2820 1309 189 THURSDAY,
10243 2797 1261 165 DECEMBER
11669 2797 241 189 19,
12080 2811 1427 151 1912.-PAGES
13677 2820 80 137 1
13932 2811 279 146 TO
14381 2811 236 146 10.

6458 5202 1082 468 LUNATIC
7635 5187 987 482 SHOOTS

6643 5811 572 468 GIRL
7361 5802 491 477 AND
8046 5802 742 468 HIDES

6822 6425 657 468 BODY
7611 6425 865 468 UNDER
8598 6411 501 482 BED

6468 7205 746 189 Escaped
7413 7200 657 151 Inmate
8263 7200 180 151 of
8636 7200 482 189 Napa

6666 7446 709 184 Asylum
7554 7441 411 156 Also
8145 7441 765 151 Wounds

6879 7687 756 146 Rancher
7772 7687 321 146 and
8230 7687 477 146 Then

7143 7928 548 151 Takes
7757 7951 175 123 to
7998 7923 444 156 Hills

6468 8409 1323 156 DEMENTED
7913 8409 902 156 SLAYER

6917 8655 997 146 HUNTED
8013 8655 298 146 BY
8414 8646 704 156 POSSE

6468 9132 770 198 Fugitive
7332 9142 364 146 Has
7791 9137 420 151 Rifle
8301 9137 331 151 and
8721 9132 265 146 Am-

6666 9378 893 170 munition;
7701 9378 477 151 More
8315 9378 496 151 Blood-

7002 9624 406 151 shed
7479 9624 175 151 Is
7724 9619 850 194 Expected

6482 10091 397 94 (Special
6950 10096 449 94 Dispatch
7469 10101 104 76 to
7635 10101 189 76 Th«
7890 10096 236 80 Calll

6586 10247 425 104 NAPA,
7087 10257 260 85 Dec.
7422 10252 935 99 18.—Lafayette
8424 10252 472 94 Newell,
8967 10271 142 66 an

6454 10436 487 104 escaped
7058 10441 458 104 patient
7635 10441 302 90 from
8050 10441 198 90 the
8362 10441 331 104 Napa
8797 10446 317 80 state

6454 10620 515 109 hospital
7039 10630 184 90 for
7285 10630 194 90 the
7545 10635 510 90 insance,
8121 10635 265 80 shot
8457 10635 217 80 and
8750 10630 359 90 killed

6454 10809 283 90 Miss
6780 10814 317 90 Rosa
7143 10819 402 90 Lemos
7616 10828 222 80 and
7904 10824 581 99 seriously
8546 10819 562 90 wounded

6454 10998 302 94 John
6841 11008 463 99 Havila,
7398 11036 61 61 a
7545 11013 529 99 rancher,
8164 11017 128 80 at
8376 11017 198 80 the
8660 11013 378 85 Malan-

6454 11192 335 90 drino
6869 11197 364 104 place,
7318 11220 283 66 near
7682 11206 359 99 Napa,
8126 11206 241 80 this
8447 11202 661 85 afternoon.

6449 11386 350 90 After
6874 11386 198 90 the
7148 11391 496 104 tragedy
7729 11395 142 80 he
7946 11395 770 99 disappeared
8797 11395 250 85 east-

6454 11575 321 90 ward
6879 11584 454 80 toward
7441 11584 194 85 the
7729 11584 279 80 hills
8107 11584 231 85 and
8438 11584 250 85 still
8787 11580 104 90 Is
8986 11584 128 85 at

6454 11769 359 104 large.

6595 11962 236 85 The
6935 11967 562 104 shooting
7597 11972 548 90 occurred
8254 11972 118 85 at
8485 11972 47 80 4
8641 11967 468 85 o'clock,

6454 12151 335 90 when
6888 12161 288 85 Miss
7276 12161 435 94 Lemos,
7814 12161 260 85 who
8173 12161 99 80 is
8372 12184 61 57 a
8542 12161 354 90 sister
8995 12151 123 90 of

6454 12312 208 85 Joe
6737 12312 439 94 Lemos.
7257 12317 524 85 Havila's
7857 12321 520 94 partner,
8457 12335 241 61 was
8773 12317 340 80 alone

6458 12463 109 90 in
6671 12468 203 90 the
6964 12472 364 85 ranch
7422 12472 397 90 house.
7989 12472 435 85 Newell
8528 12468 581 109 appeared

6449 12628 132 80 at
6676 12624 198 85 the
6973 12628 288 80 door
7351 12633 227 85 and
7672 12628 567 90 attacked
8334 12628 231 80 her.
8740 12624 369 90 When

6454 12775 203 90 she
6770 12780 506 104 resisted
7384 12780 231 94 him
7729 12784 142 80 he
7984 12784 269 80 shot
8362 12780 213 85 her
8683 12780 118 85 in
8915 12780 198 85 the

6454 12931 293 90 head
6817 12931 227 90 and
7110 12935 529 104 dragged
7710 12940 213 80 her
7984 12935 293 85 dead
8343 12935 298 99 body
8717 12940 123 80 to
8910 12935 198 80 her

6454 13106 345 80 room,
6869 13087 392 90 where
7328 13091 142 85 he
7535 13096 194 80 hid
7800 13096 90 80 it
7956 13091 373 85 under
8391 13091 198 85 the
8655 13087 241 90 bed.

6586 13247 288 85 Half
6973 13271 146 61 an
7228 13247 293 85 hour
7625 13252 307 85 later
8027 13247 439 85 Havila
8565 13271 321 61 came
8991 13243 118 85 in

6454 13398 298 85 from
6831 13403 331 85 work
7238 13408 227 85 and
7540 13427 132 61 as
7748 13403 137 85 he
7965 13403 430 85 neared
8476 13403 198 85 the
8750 13398 369 85 house

6449 13554 439 90 Newell
6983 13559 269 85 shot
7342 13564 123 80 at
7564 13559 231 80 him
7890 13554 298 85 from
8287 13554 524 99 ambush,
8910 13554 198 85 the

6444 13710 373 90 bullet
6921 13710 430 109 taking
7450 13710 345 85 effect
7894 13710 118 85 in
8112 13710 184 90 his
8395 13710 326 99 right
8820 13729 283 66 arm.

6444 13866 439 85 Newell
6997 13866 269 85 then
7380 13871 454 94 started
7946 13861 586 90 eastward
8650 13861 449 85 toward

6439 14017 567 94 Cordelia,
7072 14017 425 104 taking
7559 14022 194 80 the
7819 14017 246 90 rifle
8131 14017 288 85 with
8490 14017 265 85 him.

6572 14173 113 90 It
6813 14197 246 66 was
7195 14173 260 90 said
7587 14183 123 76 at
7847 14173 198 85 the
8183 14169 515 104 hospital
8839 14169 260 85 that

6397 14329 1290 104 .N^cji'eUJi«ike.ajw*y
7739 14324 312 85 from
8107 14324 198 85 the
8367 14320 439 104 guards
8863 14329 132 76 t*
9033 14343 66 66 o

6430 14485 402 85 weeks
6907 14509 227 80 ago
7219 14480 231 90 and
7531 14485 213 80 has
7828 14485 283 80 been
8197 14476 699 99 wandering
8972 14476 118 90 !n

6435 14641 198 85 the
6742 14641 279 80 hills
7120 14660 279 61 ever
7498 14631 354 90 since.
8027 14627 236 94 H«tP
8310 14655 246 66 was
8665 14641 128 80 at
8896 14631 194 85 the

6430 14797 411 85 Lemos
6902 14797 364 85 house
7332 14792 118 80 10
7512 14792 293 94 days
7866 14811 260 76 ago,
8187 14787 340 85 when
8584 14787 146 85 he
8787 14787 307 85 stole

6439 14943 189 94 the
6694 14948 250 90 rifle
7011 14948 283 80 with
7361 14943 378 85 which
7809 14943 142 85 he
8017 14943 189 85 did
8272 14939 194 90 the
8532 14943 562 104 shooting

6439 15099 378 99 today.

6572 15265 90 80 A
6751 15283 340 80 posse
7181 15260 609 104 composed
7885 15260 128 85 of
8098 15260 439 99 deputy
8617 15255 477 90 sheriffs

6435 15416 307 85 from
6855 15416 326 104 Napa
7299 15420 222 80 and
7649 15416 449 85 officers
8211 15411 123 90 of
8452 15387 194 113 tlfe
8769 15416 321 94 Napa

6439 15572 510 99 hospital
7030 15572 99 85 is
7209 15572 113 85 in
7413 15572 189 80 the
7687 15567 265 90 field
8031 15567 477 99 tonight
8580 15581 231 80 and
8896 15581 132 66 ex-

6435 15728 326 99 pects
6836 15728 118 85 to
7030 15728 477 99 capture
7587 15723 198 85 the
7857 15718 411 90 crazed
8348 15742 265 66 man
8688 15718 402 85 before

6435 15879 633 104 daybreak.

6576 16039 515 85 Because
7191 16035 128 90 of
7413 16035 180 85 his
7691 16035 713 94 familiarity
8499 16030 288 85 with
8896 16025 194 90 the

6444 16195 369 99 rough
6888 16200 496 94 country
7455 16195 449 85 around
7975 16191 567 94 Cordelia,
8613 16214 76 66 a
8750 16191 335 80 small

6444 16361 312 80 town
6850 16351 458 85 several
7413 16351 331 85 miles
7847 16351 298 85 from
8244 16351 307 94 here,
8650 16342 439 90 Newell

6449 16512 90 85 is
6628 16507 520 90 believed
7247 16521 113 71 to
7455 16502 288 94 have
7833 16507 331 85 made
8258 16507 180 85 for
8532 16507 198 85 the
8816 16502 274 85 hills

6454 16672 99 80 in
6666 16672 265 80 that
7030 16668 524 94 vicinity,
7658 16668 387 85 where
8150 16668 137 80 he
8391 16668 477 94 expects
8972 16668 118 80 to

6449 16828 217 85 find
6765 16847 340 61 cover
7195 16828 113 80 in
7408 16828 189 80 the
7691 16824 652 99 sagebrush
8443 16838 222 80 and
8764 16819 326 90 thick

6444 16984 699 85 manzanita.
7323 16984 170 85 He
7597 16984 213 85 has
7913 16980 406 104 plenty
8419 16980 128 90 of
8641 17003 359 66 ammu-

6444 17140 378 90 nition
6893 17140 288 85 with
7257 17140 231 85 him
7564 17150 227 76 and
7861 17169 66 57 a
7998 17140 293 99 fight
8357 17140 99 85 is
8532 17135 557 99 expected

6444 17301 335 85 when
6912 17301 137 80 he
7176 17301 99 85 is
7398 17301 458 80 located
7984 17301 146 94 by
8258 17301 198 80 the
8580 17301 510 85 sheriff's

6444 17480 369 80 posse.

6581 17622 146 80 At
6798 17617 113 90 10
6978 17617 435 85 o'clock
7479 17617 468 99 tonight
8017 17617 194 85 the
8277 17617 298 99 body
8631 17617 123 90 of
8811 17613 279 94 Miss

6454 17778 402 85 Lemos
6973 17797 241 61 was
7337 17778 354 85 taken
7824 17783 118 76 to
8060 17778 194 80 the
8372 17797 487 80 morgue
8976 17773 113 85 In

6444 17939 354 99 Napa,
6879 17939 387 80 where
7342 17939 99 85 it
7512 17957 241 61 was
7833 17934 609 85 examined
8518 17934 146 99 by
8740 17934 279 85 Coro-

6444 18113 208 61 ner
6713 18094 449 85 Walter
7228 18094 638 85 Brownlee.
8008 18090 236 85 The
8310 18090 586 90 condition
8976 18090 118 85 of

6444 18250 194 85 the
6709 18250 548 85 woman's
7318 18246 534 99 clothing
7913 18246 586 90 indicated
8565 18250 260 85 that
8891 18250 198 85 she

6444 18406 217 85 had
6775 18406 345 99 given
7233 18411 203 80 her
7545 18406 690 85 murderous
8334 18406 586 85 assailant
9024 18425 71 66 a

6444 18562 487 90 terrible
7020 18567 288 99 fight
7403 18562 397 85 before
7890 18562 208 85 she
8183 18572 699 85 succumbed
8976 18572 113 80 to

6444 18728 194 85 the
6732 18723 302 90 fatal
7124 18723 402 90 bullet.
7691 18718 831 94 Examination
8622 18728 463 85 showed

6444 18883 260 85 that
6770 18879 198 90 the
7030 18879 406 90 victim
7507 18883 217 90 had
7800 18883 283 85 been
8154 18883 411 85 struck
8631 18888 449 80 several

6444 19039 345 85 times
6865 19058 142 66 on
7087 19039 194 85 the
7356 19039 293 85 head
7724 19039 288 85 with
8083 19063 71 61 a
8230 19039 335 85 blunt
8641 19039 383 90 instru-

6439 19200 350 90 ment,
6850 19195 756 109 presumably
7672 19195 293 85 with
8031 19195 198 85 the
8296 19205 335 85 stock
8702 19205 128 85 of
8891 19200 198 90 the

6444 19356 279 85 rifle.
6917 19356 562 94 Whether
7606 19356 194 80 the
7923 19351 458 90 maniac
8504 19361 283 85 used
8910 19361 180 85 his

6444 19535 477 80 weapon
7016 19535 128 61 as
7233 19535 61 57 a
7389 19512 576 99 bludgeon
8065 19512 402 85 before
8556 19535 128 66 or
8773 19517 317 90 after

6439 19672 198 80 the
6723 19672 260 85 shot
7072 19691 241 66 was
7408 19672 274 80 fired
7767 19672 335 90 could
8192 19677 203 80 not
8476 19672 137 90 be
8698 19677 326 85 deter-

6439 19828 416 85 mined.

6576 19984 231 85 The
6879 19984 335 85 walls
7276 19984 123 85 of
7465 19989 194 85 the
7724 19989 543 85 bedroom
8334 19998 624 94 presented
9024 20017 66 66 a

6439 20164 647 80 grewsome
7186 20145 609 104 spectacle.
7965 20140 359 94 Blood
8424 20173 241 61 was
8759 20159 260 94 spat-

6439 20306 326 85 tered
6831 20320 279 66 over
7181 20306 194 85 the
7446 20306 600 85 furniture
8121 20310 222 85 and
8414 20306 676 109 wallpaper,

6439 20461 345 85 while
6969 20461 477 85 strands
7630 20461 123 80 of
7937 20461 194 85 the
8315 20466 770 85 unfortunate

6439 20617 557 90 woman's
7110 20617 255 85 hair
7479 20636 307 66 were
7899 20617 364 99 found
8386 20622 109 85 in
8608 20627 477 90 various

6435 20783 430 99 places.

6572 20939 208 85 Joe
6879 20934 439 94 Lemos,
7422 20939 194 85 the
7720 20939 510 90 brother,
8324 20943 265 85 half
8679 20948 411 85 crazed

6439 21094 283 85 with
6803 21094 317 99 grief
7191 21094 222 85 and
7498 21094 411 85 horror
7984 21113 269 66 over
8334 21099 189 85 the
8603 21104 487 85 terrible

6439 21255 529 94 tragedy,
7058 21250 694 90 shouldered
7843 21279 66 57 a
7989 21255 250 85 rifle
8320 21260 227 80 and
8631 21265 454 85 started

6439 21416 198 80 out
6718 21406 345 85 alone
7143 21406 113 85 in
7337 21406 463 104 pursuit
7880 21411 123 85 of
8079 21416 198 85 the
8357 21416 723 90 unbalanced

6439 21562 605 90 murderer
7143 21567 236 85 late
7488 21567 501 99 tonight.
8164 21567 104 85 If
8376 21572 269 99 they
8754 21586 331 94 meet,

6439 21723 496 90 another
7025 21723 345 85 death
7465 21723 99 85 is
7654 21728 581 94 probable.

6435 21992 751 132 FOREST
7304 21992 907 132 RANGERS
8339 22002 751 137 SUFFER

6425 22299 477 85 Timber
7011 22299 539 85 Cruiser*
7654 22304 439 99 Nearly
8197 22309 430 85 Vreeme
8735 22313 350 90 After

7002 22455 435 94 Losing;
7526 22460 321 76 Trail
7946 22460 113 80 In
8169 22460 335 85 Snow

6444 22644 406 94 (Special
6917 22639 454 94 Dispatch
7441 22649 99 76 to
7602 22644 189 80 The
7857 22649 189 76 Call
8589 22639 539 99 i

6562 22800 506 85 ALDER
7205 22800 643 104 SPRINGS,
7989 22805 260 90 Dec.
8405 22814 671 94 18.—Three

6425 22956 430 85 United
7011 22956 387 85 States
7550 22956 378 90 forest
8083 22980 529 85 rangers,
8769 22970 307 94 John

6435 23117 411 94 Bauer,
6940 23112 307 85 John
7342 23112 449 85 Notldin
7890 23117 227 85 and
8216 23117 454 94 Marion
8769 23131 227 85 Dur-

6430 23268 307 99 ham,
6831 23268 496 80 reached
7427 23268 274 80 here
7805 23268 312 80 after
8216 23277 586 104 suffering
8901 23287 113 80 in-

6430 23428 331 80 tense
6827 23414 624 104 hardships
7517 23424 113 80 in
7701 23443 66 61 a
7833 23424 510 90 blizzard
8414 23433 255 90 that
8735 23461 265 66 over-

6435 23580 274 80 took
6850 23575 312 85 them
7304 23575 350 85 while
7791 23580 279 99 they
8202 23603 312 66 were
8655 23594 416 90 timber

6425 23726 534 99 cruising
7039 23726 109 90 in
7233 23726 194 90 the
7507 23745 331 76 coast
7913 23754 369 80 range
8357 23750 713 90 mountains.

6425 23891 151 80 At
6680 23887 198 94 the
6969 23887 477 80 summit
7545 23887 472 99 springs
8117 23896 194 80 the
8405 23901 208 99 big
8702 23910 369 85 storm

6430 24043 416 85 struck
6950 24038 312 85 them
7370 24043 227 85 and
7706 24043 109 80 in
7928 24047 307 80 their
8339 24057 510 104 attempt
8948 24071 123 80 to

6425 24198 345 80 reach
6860 24194 198 90 the
7139 24194 472 99 springs
7696 24198 274 109 they
8055 24203 227 90 lost
8367 24213 307 80 their
8759 24222 307 85 trail.

6425 24345 756 94 Bewildered,
7342 24350 430 85 almost
7932 24350 397 99 frozen
8490 24369 222 85 and
8872 24397 132 61 ex-

6430 24501 529 94 hausted,
7044 24501 189 85 the
7318 24524 260 66 men
7658 24515 619 94 straggled
8348 24539 142 66 on
8570 24529 222 80 and
8877 24534 128 80 be-

6425 24676 326 66 came
6855 24657 652 99 separated.
7682 24661 227 85 For
8022 24671 227 80 two
8353 24676 293 99 days
8745 24704 326 66 snow

6430 24813 203 85 fell
6713 24813 510 80 without
7294 24813 586 90 cessation
7961 24827 222 85 and
8268 24827 198 85 the
8546 24827 524 99 familiar

6435 24964 680 85 landmarks
7214 24983 302 66 were
7611 24973 515 85 covered.

6430 25228 567 132 MORO
7134 25228 572 132 KILLS
7838 25238 265 128 AN
8239 25243 841 151 OFFICER

6435 25535 496 104 Captain
7025 25540 302 80 John
7436 25545 482 80 Watson
8017 25550 128 85 of
8235 25559 444 94 Eighth
8778 25578 298 80 Cay-

7134 25701 260 90 airy
7483 25701 317 80 Slain
7890 25710 128 80 at
8102 25710 265 85 Jolo

6567 25885 595 94 MANILA,
7342 25885 269 85 Dec.
7795 25890 798 113 19.—Captain
8773 25918 307 90 John

6435 26046 491 85 Watson
7054 26041 123 85 of
7294 26041 198 85 the
7625 26046 444 99 Eighth
8187 26060 510 104 cavalry,
8830 26079 184 80 sta-

6435 26202 402 90 tioned
6945 26202 128 80 at
7176 26197 411 94 Augur
7706 26202 600 104 barracks,
8424 26216 293 109 Jolo,
8835 26249 246 66 was

6435 26357 364 90 killed
6912 26353 236 85 last
7261 26353 350 99 night
7715 26357 151 99 by
8036 26386 76 66 a
8282 26367 354 109 Moro,
8811 26386 269 85 who

6435 26509 520 90 sneaked
7044 26504 411 85 within
7550 26513 198 80 the
7843 26513 298 94 lines
8230 26523 123 90 of
8433 26546 104 71 a~
8594 26537 411 85 detach-

6435 26669 317 85 ment
6850 26665 628 99 encamped
7578 26674 128 76 at
7805 26669 241 90 Seit
8145 26679 350 104 Lake,
8598 26698 406 80 accord-

6430 26825 208 99 ing
6794 26825 123 80 to
7077 26825 458 90 reports
7696 26825 529 94 received
8391 26839 302 90 from
8825 26849 265 85 Jolo

6435 26976 236 90 this
6803 26972 567 99 morning.
7535 26976 746 99 .Lieutenant
8400 26995 416 94 Kinzie
8948 27005 128 85 D.

6439 27128 595 90 Edmunds
7233 27146 241 66 was
7668 27137 581 109 seriously
8471 27156 600 90 wounded.

6435 27283 529 109 Hearing
7068 27283 189 94 the
7356 27288 298 90 cries
7753 27293 128 85 of
7970 27293 194 90 the
8263 27302 416 99 officer,
8778 27312 217 104 Cap-

6439 27449 236 80 tain
6789 27439 312 85 Rush
7195 27439 364 90 Wells
7649 27449 435 90 dashed
8183 27454 250 80 into
8528 27463 198 85 the
8825 27468 246 85 tent

6425 27600 236 90 and
6732 27595 369 90 killed
7172 27600 203 90 the
7441 27600 359 94 Moro.

9246 5183 1838 557 Novelty
11405 5178 676 458 for
12425 5187 751 458 the
13602 5183 1951 557 Reading
15945 5178 1469 463 Public

9231 6052 732 383 Six
10191 6009 1909 411 O'Clock
12354 6028 1658 397 Edition
14239 6028 449 383 of
14901 6009 888 406 Call
16030 6009 1394 402 Issued

9222 13847 846 250 Latest
10139 13843 860 255 News
11112 13843 293 246 of
11494 13843 784 293 Early
12387 13843 1290 307 Morning
13757 13843 869 246 Hours
14740 13843 1422 246 Published
16276 13857 269 227 in
16654 13843 775 246 Time

10753 14192 496 241 For
11334 14173 1072 260 Perusal
12520 14187 728 246 Over
13398 14173 1346 260 Breakfast
14896 14178 1006 255 Coffee.

9572 14712 458 165 Quick
10129 14735 142 109 to
10370 14712 784 161 appreciate
11258 14702 874 170 progressive
12236 14707 383 128 ideas
12718 14712 425 165 along
13233 14754 298 113 any
13606 14712 350 123 lines
14046 14707 449 128 which
14584 14712 378 123 work
15057 14712 208 123 for
15350 14712 231 123 the
15671 14712 841 123 betterment
16602 14707 146 123 of
16833 14707 231 128 the
17150 14702 288 165 city

9227 14924 269 128 and
9595 14929 227 123 the
9921 14924 1106 161 enlightenment
11121 14920 146 128 of
11367 14924 231 118 the
11688 14920 586 128 citizens
12373 14943 142 104 at
12591 14920 439 165 Jarge.
13134 14920 288 128 San
13512 14915 742 128 Francisco
14334 14920 690 123 marveled
15109 14920 335 142 first,
15529 14920 331 123 then
15940 14920 364 146 read,
16384 14920 265 123 and
16724 14915 709 161 approved

9217 15142 331 123 with
9633 15132 180 132 its
9898 15142 392 123 usual
10384 15132 1337 128 whole-souledness
11802 15128 231 123 the
12109 15128 85 128 6
12269 15123 529 128 o'clock
12879 15128 543 128 edition
13540 15128 146 123 of
13795 15128 298 128 The
14206 15132 345 132 Call,
14665 15123 454 132 which
15241 15170 283 80 was
15643 15128 921 161 inaugurated
16682 15123 751 161 yesterday

9231 15345 680 161 morning,
10025 15345 231 128 the
10361 15345 302 123 first
10762 15340 524 128 edition
11395 15335 146 128 of
11641 15335 180 123 its
11929 15331 331 132 kind
12364 15331 132 128 in
12600 15335 236 128 the
12940 15331 553 165 history
13569 15335 142 128 of
13786 15364 600 99 western
14457 15331 865 165 journalism.

9576 15557 293 128 The
9987 15557 411 128 latest
10512 15576 543 104 eastern
11173 15586 425 104 news,
11712 15543 718 123 furnished
12543 15543 189 161 by
12841 15543 231 123 the
13186 15543 827 132 Associated
14098 15548 411 123 Press
14589 15543 265 123 and
14934 15543 236 128 the
15250 15543 855 128 Publishers'
16186 15543 458 146 Press,
16720 15543 335 123 both
17135 15543 208 123 fur-

9213 15761 562 165 nishing
9888 15765 236 128 the
10243 15780 364 109 most
10724 15751 709 137 authentic
11556 15746 676 132 available
12350 15789 425 104 news,
12898 15751 392 128 make
13342 15798 61 80 s
13474 15751 227 128 the
13776 15756 80 123 6
13923 15751 524 128 o'clock
14518 15746 520 132 edition
15118 15756 227 118 the
15420 15756 269 123 last
15765 15756 378 123 word
16224 15746 137 128 in
16441 15746 978 165 metropolitan

9222 16106 1176 468 MEXICAN
10554 16096 973 477 REBELS

9354 16743 935 468 WRECK
10413 16720 1271 477 RAILWAYS

9454 17343 1342 491 AMERICAN
10942 17329 921 491 OWNED

9222 18137 472 151 With
9874 18142 189 137 45
10243 18123 742 156 Trestles
11159 18113 709 170 Burned,

9312 18378 954 151 Insurrecto
10356 18364 562 151 Bands
10951 18359 822 151 Continue

9477 18614 1082 161 Destruction
10663 18605 175 151 of
10956 18600 657 151 Mexico

9643 18865 1266 146 Northwestern
10975 18846 477 151 Road

9354 19342 184 80 EL
9614 19337 392 94 PASO,
10077 19332 302 99 Tex.,
10455 19332 265 80 Dec.
10800 19313 1063 94 18.—Destruction

9213 19531 123 80 of
9387 19531 203 80 the
9652 19531 449 80 Mexico
10157 19517 888 94 Northwestern
11112 19512 496 99 railway
11669 19512 194 80 be-

9146 19706 33 99 I
9213 19720 227 85 low
9529 19720 430 85 Juarez
10049 19720 213 85 has
10356 19715 288 80 been
10739 19706 430 99 almost
11258 19706 605 99 complete,

9146 19866 33 151 (
9213 19918 406 94 report
9713 19913 496 94 railway
10304 19923 255 66 men
10663 19899 260 80 who
11022 19899 472 85 arrived
11589 19894 274 80 here

9146 20088 33 113 i
9213 20102 359 99 today
9638 20121 146 66 on
9855 20098 586 90 handcars
10512 20088 222 90 and
10814 20088 359 90 afoot.
11343 20088 326 85 With
11745 20088 118 80 45

9213 20301 496 94 railway
9841 20296 477 80 trestles
10446 20282 477 99 already
11055 20277 487 99 burned,
11669 20277 194 90 the

9146 20395 33 151 I
9213 20457 383 85 rebels
9657 20452 354 94 today
10072 20443 628 90 continued
10762 20443 312 80 their
11131 20438 732 90 destruction

9151 20575 189 175 Jof
9420 20613 198 85 the
9704 20608 624 85 American
10417 20603 406 90 owned
10913 20594 231 90 line
11230 20594 425 85 within
11745 20589 118 85 20

9213 20769 335 85 miles
9694 20769 128 85 of
9964 20764 458 90 Juarez,
10573 20750 387 85 where
11112 20750 189 85 600
11414 20745 449 90 federal

9213 20924 406 99 troops
9742 20943 198 71 are
10068 20910 628 94 stationed.
10956 20906 241 90 The
11320 20906 543 104 garrison

9146 21061 33 146 j
9208 21080 746 85 commander
10016 21066 472 94 refused
10559 21076 118 80 to
10743 21071 283 85 send
11093 21076 397 90 troops
11556 21061 312 85 from

9213 21241 194 99 the
9477 21236 420 85 border
9959 21241 350 80 town.

9354 21397 241 85 The
9699 21392 454 85 federal
10266 21378 539 109 garrison
10918 21387 123 80 at
11140 21378 515 90 Guzman
11764 21378 104 90 is

9213 21553 506 90 isolated
9798 21548 288 85 with
10167 21548 444 85 burned
10696 21539 482 99 bridges
11258 21562 142 61 on
11485 21539 383 85 either

9213 21713 279 90 side.
9624 21713 373 85 When
10068 21709 142 85 he
10271 21699 652 99 attempted
10994 21704 118 80 to
11183 21694 676 104 extinguish

9213 21898 66 61 a
9354 21869 487 99 flaming
9907 21865 628 90 structure,
10606 21855 99 85 J.
10776 21855 458 99 Morris,
11310 21860 198 85 the
11584 21850 222 90 rail-

9213 22030 364 94 way's
9666 22025 770 94 roadmaster,
10535 22035 250 66 was-
10871 22011 364 90 taken
11329 22016 539 99 prisoner

9208 22191 231 85 and
9524 22186 454 90 carried
10068 22181 250 85 into
10403 22176 198 80 the
10687 22172 307 85 hills.
11154 22176 241 80 The
11485 22167 378 90 rebels

9213 22346 298 85 have
9586 22342 581 104 appeared
10252 22332 378 90 below
10710 22328 430 85 Juarez
11225 22332 109 85 in
11424 22351 439 80 groups

9213 22502 128 90 of
9449 22502 302 85 from
9865 22498 189 85 100
10176 22498 118 85 to
10408 22488 189 90 200
10706 22507 260 66 men
11079 22493 321 94 each,
11509 22488 350 80 while

9213 22663 198 85 the
9515 22658 312 85 main
9935 22654 302 99 body
10342 22654 99 80 is
10540 22654 543 90 reported
11192 22654 118 80 to
11414 22644 444 90 remain

9213 22824 113 85 In
9397 22819 198 85 the
9657 22819 364 85 Casas
10087 22809 524 90 Grandes
10677 22805 501 85 district.
11320 22805 165 85 No
11551 22824 227 66 com-

9217 22975 728 90 munication
10082 22970 340 85 could
10554 22965 137 80 be
10824 22965 728 85 established
11679 22965 118 80 to-

9208 23135 227 99 day
9506 23135 293 85 with
9879 23131 198 85 the
10143 23121 619 90 American
10843 23121 676 104 lumbering
11589 23140 198 66 cen-

9208 23301 246 80 ters
9534 23301 123 76 at
9742 23296 515 80 Pearson
10342 23291 231 85 and
10654 23277 506 94 Madera.

9350 23447 99 85 A
9548 23443 581 90 battalion
10238 23438 123 85 of
10460 23433 534 99 Infantry
11107 23438 94 85 Is
11306 23443 553 99 expected

9217 23613 633 80 tomorrow
9973 23603 302 80 from
10394 23589 694 90 Chihuahua
11206 23598 265 99 City
11589 23617 274 61 over

9217 23764 194 85 the
9487 23764 534 80 Mexican
10106 23750 477 90 Central
10668 23750 524 104 railway,
11272 23754 378 90 which
11740 23778 123 57 so

9217 23920 189 85 far
9472 23915 520 85 remains
10063 23924 326 85 open.
10535 23901 307 90 Four
10918 23906 520 90 hundred
11513 23915 274 80 semi-

9208 24076 534 85 civilized
9883 24071 510 90 Indians,
10526 24061 359 85 taken
11017 24066 600 99 prisoners
11750 24066 109 90 in

9217 24236 402 85 recent
9709 24231 439 80 battles
10247 24222 113 85 in
10455 24217 194 85 the
10748 24222 312 94 state
11159 24227 123 85 of
11367 24227 491 94 Oaxaca,

9208 24387 468 94 arrived
9770 24397 128 76 at
9987 24387 194 80 the
10271 24378 312 85 state
10663 24378 439 99 capital
11197 24387 354 99 today
11636 24387 227 80 and

9213 24572 307 61 were
9638 24534 586 94 recruited
10337 24553 128 66 as
10583 24529 444 90 federal
11150 24539 704 85 volunteers.

9208 24709 241 85 The
9515 24704 477 85 Indians
10054 24713 307 71 were
10427 24690 439 85 offered
10932 24690 430 109 liberty
11428 24699 94 80 if
11584 24699 279 99 they

9208 24865 387 85 would
9671 24855 283 85 take
10025 24850 194 85 the
10294 24841 265 90 field
10625 24846 472 94 against
11183 24855 194 80 the
11447 24855 411 94 rebels,

9213 25020 265 85 who
9605 25025 439 94 appear
10172 25011 118 80 to
10417 25002 137 85 be
10687 24997 496 104 gaining
11306 25011 548 99 strength

9213 25176 491 99 rapidly.

9194 25441 510 128 POPE
9917 25422 619 142 SENDS
10753 25422 1106 142 GREETINGS

9203 25743 208 80 Hit*
9487 25734 562 90 HolineMN
10124 25720 524 90 Extend*
10729 25720 652 90 Chrlatman
11457 25729 392 85 Bleea-

9383 25899 208 90 ing
9652 25890 557 90 Through
10276 25871 756 94 Monsignore
11098 25880 567 99 Kennedy

9217 26079 402 99 (Special
9690 26074 454 94 Dispatch
10219 26074 99 71 to
10375 26065 198 76 The
10630 26060 241 80 Call)

9331 26235 345 90 NEW
9841 26225 444 99 YORK,
10450 26220 265 80 Dec.
10885 26220 964 99 18.—Christmas

9203 26391 614 104 greetings
9907 26386 312 90 from
10309 26381 203 85 the
10602 26391 293 85 pope
10984 26381 123 85 to
11197 26386 203 85 the
11494 26386 283 90 Cath-

9194 26546 293 90 olics
9591 26546 123 85 of
9813 26542 543 90 America
10455 26546 307 71 were
10871 26532 515 104 brought
11494 26542 354 99 today

9189 26702 151 99 by
9402 26702 765 99 Monsignore
10238 26693 506 85 Thomas
10805 26688 605 109 Kennedy,
11480 26698 312 104 presi-

9194 26854 288 90 dent
9548 26854 123 90 of
9756 26858 194 85 the
10025 26844 619 90 American
10720 26844 454 99 college
11249 26854 132 80 at
11452 26854 392 90 Rome,

9194 27009 269 90 who
9562 27009 213 85 has
9879 27009 194 85 the
10176 27005 260 85 title
10540 26991 123 90 of
10762 26995 420 104 bishop
11287 27005 123 85 of
11504 27005 269 85 Adri-

9184 27165 454 85 anoble.
9737 27165 751 94 Monsignore
10550 27151 572 104 Kennedy
11178 27161 468 85 arrived
11707 27180 146 66 on

9198 27317 198 85 the
9487 27317 373 90 North
9959 27321 501 80 German
10559 27302 359 99 Lloyd
11017 27307 302 90 liner
11414 27312 425 85 Berlin,

9194 27468 170 90 He
9463 27468 246 94 will
9817 27468 359 109 spend
10285 27463 189 94 the
10583 27458 539 99 holidays
11225 27463 123 90 in
11443 27463 331 90 Phila-

9194 27619 506 113 delphia.

13786 2405 1139 151 Independent

12548 6666 1587 189 WELCOMED!

12000 15997 813 123 newspaper
12907 15959 803 128 endeavors.
13852 15959 321 165 City
14263 16002 383 85 news

12000 16162 302 128 that
13200 16172 364 128 after
13672 16172 402 128 other
14197 16209 359 85 morn-

12009 16365 231 165 ing
12350 16370 482 132 dailies
12945 16380 345 123 have
13446 16422 359 118 gone
13961 16398 142 104 to
14263 16417 383 118 press

12009 16578 255 123 will
12350 16587 161 118 be
12586 16583 732 161 published
13394 16630 151 85 as
13620 16587 345 156 fully
14041 16630 151 80 as
14268 16625 378 85 news

11991 16791 118 104 of
12189 16795 198 99 the
12463 16795 227 128 day
12775 16791 449 109 before.
13375 16795 260 104 The
13720 16814 335 109 great
14140 16791 501 128 reading

11995 16965 425 128 public,
12534 16970 387 104 which
13035 16975 217 104 has
13365 16970 151 104 its
13630 17008 283 94 eyes
14022 16965 236 109 and
14367 16998 269 76 ears

11995 17140 293 109 wide
12383 17178 312 94 open
12789 17145 194 109 for
13072 17145 203 109 the
13370 17140 761 137 happenings
14220 17145 128 104 of
14433 17145 198 109 the

11991 17320 331 132 early
12383 17320 572 132 morning
13020 17320 402 123 hours,
13483 17320 99 104 is
13644 17357 279 66 now
13984 17320 302 128 able,
14353 17353 288 71 over

11995 17490 194 85 the
12279 17494 397 90 coffee,
12780 17499 113 76 to
12992 17490 420 99 gather
13507 17490 780 90 Information
14376 17490 265 85 that

11995 17646 463 99 usually
12553 17650 213 85 has
12860 17650 288 85 been
13243 17646 416 90 denied
13753 17650 90 85 it
13937 17646 302 90 until
14334 17650 302 80 later

11991 17802 113 85 in
12198 17806 194 85 the
12487 17811 255 94 day.

12123 17962 241 85 The
12430 17967 47 80 6
12548 17967 439 85 o'clock
13054 17967 435 94 edition
13559 17967 94 85 is
13720 17991 61 61 a
13843 17967 472 85 decided
14381 17972 250 94 step

11995 18123 506 85 forward
12581 18123 109 80 in
12770 18128 194 80 the
13039 18132 482 90 general
13597 18128 850 80 advancement
14518 18123 118 85 of

11995 18279 189 85 the
12260 18288 751 90 community,
13087 18288 227 80 and
13389 18288 496 80 because
13956 18279 123 85 of
14154 18283 194 80 the
14424 18302 142 66 nu-

11991 18454 463 71 merous
12562 18435 652 90 individual
13323 18439 222 85 and
13687 18435 614 90 collective
14438 18458 132 61 ex-

11986 18595 600 99 pressions
12671 18600 118 76 of
12874 18600 595 99 approval,
13559 18605 90 80 it
13734 18600 99 85 is
13913 18619 142 66 an
14145 18600 420 85 innova-

11995 18756 236 85 tion
12354 18751 534 90 destined
13011 18765 123 76 to
13247 18761 468 80 become
13828 18780 76 61 a
14013 18756 619 94 necessity.

11991 18912 321 90 Eook
12383 18912 189 85 for
12643 18912 203 85 the
12917 18912 184 90 six
13172 18912 439 90 o'clock
13687 18912 439 90 edition
14206 18912 123 85 of
14400 18912 236 85 The

11991 19068 279 90 Call,
12411 19072 118 80 It
12600 19068 246 85 will
12921 19077 454 94 always
13450 19077 137 80 be
13663 19096 142 71 on
13885 19072 246 85 sale
14211 19035 430 137 during

11995 19228 189 85 the
12265 19228 548 104 morning
12883 19233 387 80 hours.

11986 19498 1082 132 'ABSOLUTE
13134 19498 496 123 LIFE'
13696 19502 945 128 RESUMED

11991 19809 539 85 Founder
12624 19814 128 80 of
12846 19809 265 90 Cult
13209 19814 439 76 Leaves
13743 19814 236 80 Jail
14079 19819 227 76 and
14409 19819 151 80 Re-

12227 19989 359 76 opens
13351 19965 321 80 With
13753 19965 647 85 Followers

12005 20154 402 90 (Special
12472 20154 458 90 Dispatch
13002 20159 94 71 to
13162 20154 189 76 The
13413 20154 241 80 Call)

12123 20310 671 94 CHICAGO,
12921 20310 260 80 Dec.
13323 20310 666 90 IS.—Freed
14121 20334 142 66 on
14400 20320 227 80 ball

11986 20466 317 80 after
12373 20490 61 61 a
12506 20490 283 76 year
12855 20466 118 90 in
13035 20466 246 99 jail,
13356 20466 449 99 Evelyn
13880 20471 449 85 Arthur
14395 20471 236 94 See,

11991 20622 501 85 founder
12605 20622 123 85 of
12846 20622 198 80 the
14362 20631 269 90 cult,

11991 20769 685 94 barricaded
12780 20773 477 90 himself
13356 20778 113 85 in
13569 20773 184 90 his
14523 20783 109 85 in

11986 20934 439 85 Racine
12534 20953 454 66 avenue
13096 20934 293 85 with
13507 20934 180 85 his
13800 20934 269 85 four
14183 20957 449 66 women

11986 21094 222 80 and
12302 21090 231 99 girl
12624 21085 600 90 followers
13313 21085 354 104 today
13762 21090 222 85 and
14079 21090 553 104 formally

11991 21246 274 85 took
12340 21265 146 80 up
12553 21246 198 85 the
12817 21241 411 90 thread
13299 21246 123 85 of
13488 21241 180 90 his
13734 21246 430 94 mystic
14230 21250 331 80 teach-

11986 21397 269 104 ings
12321 21397 392 85 where
12784 21397 90 80 it
12940 21416 246 61 was
13252 21397 227 90 left
13545 21402 156 80 off
13767 21397 340 85 when
14178 21402 142 85 he
14386 21425 246 61 was

11986 21557 567 90 arrested,
12676 21553 302 80 tried
13101 21548 227 85 and
13446 21557 633 80 sentenced
14202 21562 118 80 to
14438 21557 194 85 the

11986 21709 798 99 penitentiary
12964 21709 184 80 for
13318 21709 657 104 abducting
14140 21713 491 85 Mildred

11986 21865 524 99 Bridges,
12600 21883 71 66 a
12756 21865 118 80 17
12969 21879 279 85 year
13332 21865 189 85 old

12118 22016 241 85 The
13200 22030 123 71 at
13398 22020 189 80 the
13663 22020 425 99 temple
14154 22030 477 99 tonight

11986 22167 94 85 is
12175 22172 690 94 identically
12964 22172 194 85 the
13252 22191 321 66 same
13663 22191 128 66 as
13890 22176 90 80 it
14074 22195 250 66 was
14414 22205 217 61 one

11986 22328 345 99 night
12425 22332 236 80 two
12756 22346 345 85 years
13205 22346 227 80 ago
13531 22328 335 85 when
13970 22332 194 80 the
14258 22337 373 99 police

11986 22479 402 90 raided
12477 22483 198 85 the
12761 22479 326 109 place
13176 22488 231 80 and
13493 22488 529 80 arrested
14112 22488 208 90 See
14405 22498 227 80 and

11986 22635 198 90 the
12279 22644 236 80 two
12614 22639 331 99 girls.

12118 22786 567 99 Whether
12808 22791 279 99 they
13205 22795 241 85 will
13573 22800 354 94 again
14055 22800 576 90 interfere

11981 22946 288 85 with
12340 22951 194 90 the
12600 22951 506 90 inmates
13172 22946 118 90 of
13361 22946 194 94 the
14263 22961 99 85 is
14428 22970 198 76 not

11986 23102 463 90 known.

11972 23376 165 113 39
12307 23367 576 132 LIVES
13063 23367 496 132 LOST
13739 23376 208 123 IN
14126 23381 510 128 MINE

11976 23698 600 94 Rescuing;
12709 23702 463 85 Partle*
13304 23702 524 80 Recover
13956 23707 416 80 Bodies
14504 23712 128 80 of

12170 23854 496 85 Victims
12728 23858 128 80 of
12921 23858 364 80 Black
13351 23858 373 94 Damp
13786 23858 647 99 Explosion

12118 24033 855 109 DORTMUND,
13096 24047 619 99 Germany,
13843 24047 260 90 Dec.
14230 24052 397 90 18.—A

11981 24198 454 99 mining
12501 24198 515 85 disaster
13082 24203 383 80 which
13540 24208 255 80 cost
13866 24203 123 85 39
14060 24203 293 94 lives
14428 24213 128 85 be-

11976 24350 307 90 sides
12359 24354 581 99 seriously
13016 24354 534 99 injuring
13630 24354 118 85 18
13824 24364 227 80 and
14126 24364 496 99 slightly

11981 24501 534 109 Injuring
12581 24529 66 61 a
12713 24510 331 99 large
13115 24510 487 80 number
13668 24510 128 85 of
13861 24520 250 80 coal
14192 24520 435 90 miners

11976 24680 246 66 was
12326 24666 425 80 caused
12860 24666 137 90 by
13096 24680 156 66 an
13351 24666 605 99 explosion
14060 24671 123 85 of
14282 24676 335 90 black

11972 24813 345 104 damp
12392 24822 113 90 in
12581 24817 198 90 the
12841 24817 1077 85 Achenbachcanine
13994 24841 283 71 near
14353 24831 274 85 here

11981 24973 378 99 today.
12524 24969 831 99 Twenty-nine
13450 24973 397 85 bodies
13946 24978 293 90 have
14334 24987 288 90 been

11981 25129 510 99 brought
12591 25148 151 85 up
12841 25129 222 80 and
13162 25134 123 76 at
13384 25124 307 90 least
13791 25134 123 85 10
14013 25157 317 71 more
14424 25167 203 61 are

11976 25280 430 90 known
12491 25290 123 80 to
12690 25285 298 85 have
13068 25280 288 94 been
13441 25280 364 94 killed
13894 25290 104 85 in
14093 25294 189 85 the
14362 25299 194 99 gal-

11972 25436 378 90 leries.
12487 25441 312 85 Four
12860 25436 553 99 rescuing
13469 25436 449 104 parties
13975 25465 198 66 are
14235 25455 307 80 work-

11981 25587 198 104 ing
12283 25597 123 80 at
12515 25597 194 80 the
12813 25587 482 90 various
13394 25597 369 80 levels
13866 25602 369 85 under
14334 25611 213 80 dan-

11972 25767 435 76 gerous
12496 25743 690 90 conditions.

11972 26008 917 128 OVERSEA
12978 26008 737 128 FLIGHT
13800 26013 175 132 IS
14074 26017 562 132 MADE

11967 26339 458 85 French
12548 26343 491 80 Aviator
13162 26343 510 90 Departs
13795 26348 354 85 From
14272 26353 359 85 Tunis

12643 26494 236 85 and
12950 26494 387 80 Lands
13403 26494 123 85 In
13597 26499 354 99 Sicily

12104 26683 690 99 TRAPANI,
12869 26683 383 99 Sicily,
13332 26683 260 85 Dec.
13682 26688 756 109 18.—Roland
14509 26702 118 85 G.

11967 26844 472 99 Garros,
12567 26844 198 85 the
12883 26839 463 85 French
13474 26844 496 99 aviator,
14102 26854 335 85 made
14565 26877 61 66 a

11972 26991 335 99 flight
12378 26995 359 99 today
12803 27014 274 66 over
13148 26991 194 90 the
13413 26991 950 99 Mediterranean
14433 27028 194 61 sea

11953 27146 307 85 from
12326 27146 392 99 Tunis,
12775 27146 439 99 Africa,
13280 27156 118 80 to
13460 27151 383 94 Sicily.
13975 27156 170 90 He
14216 27161 411 85 landed

11962 27321 283 71 near
12317 27307 543 99 Trapani,
12931 27302 444 99 havlnjg
13441 27312 491 80 covered
14003 27312 359 90 about
14443 27317 184 85 160

11967 27458 331 80 miles
12406 27477 274 66 over
12789 27463 397 80 water.
13361 27458 279 94 This
13739 27463 723 90 establishes
14561 27491 66 66 a

11967 27633 250 66 new
12293 27633 487 71 oversea
12850 27609 435 94 record.

16569 869 3430 9 -

17494 973 770 90 WEATWBR
18364 978 803 80 FORECAST:

17523 1082 326 85 Fairs
17948 1077 298 94 light
18345 1087 345 71 north
18794 1077 340 80 wind.

17192 1446 770 76 ATTRACTIVE
18052 1441 666 80 RESIDENCE
18803 1446 151 71 ON
19039 1446 425 76 TERMS.

17060 1535 321 94 17.000
17381 1535 515 85 —Artistic
17967 1540 57 80 6
18085 1559 241 61 room
18406 1535 468 76 reatdence
18945 1540 222 76 with
19247 1540 416 94 sleeping

17013 1710 369 76 RESTA
17405 1710 241 76 T'RA
17665 1706 713 90 NT—Rerotpt*
18506 1701 165 90 $70
18808 1720 156 71 per
19091 1706 222 90 day;
19450 1701 217 80 trial

17121 1809 312 80 glTen:
17546 1809 260 71 down
17924 1809 283 71 town;
18331 1800 350 90 $3,000;
18798 1800 416 90 bargain.
19394 1800 274 76 Room

16701 2145 246 94 SEE
17055 2145 789 94 CLASSIFIED
17953 2140 435 94 PAGES
18496 2140 274 94 FOR
18874 2140 1082 99 CONTINUATION

17310 2320 184 99 OF
17570 2320 463 94 THESE
18104 2315 1252 94 ADVERTISEMENTS

14778 16087 1082 482 FORMER
16016 16087 756 482 CHIEF

15080 16710 1077 482 JUSTICE
16266 16710 576 482 DIES
16942 16710 312 468 AT

15477 17324 1318 477 ADVANCED
16942 17324 468 468 AGE

14764 18113 539 189 Judge
15482 18109 439 189 John
16110 18109 534 194 Curry
16824 18113 600 151 Passes

14976 18354 534 189 Away
15732 18354 165 146 in
16115 18359 392 142 99th
16729 18354 482 180 Year,

15175 18643 222 104 on
15472 18595 321 151 His
15874 18591 477 156 Son's
16431 18595 576 151 Ranch

15562 18836 444 156 Near
16072 18841 562 146 Dixon

14891 19309 350 90 Word
15331 19332 246 66 was
15666 19309 524 90 received
16280 19313 113 85 in
16483 19313 217 90 San
16795 19313 628 90 Francisco

14759 19498 231 90 last
15066 19502 340 99 night
15482 19502 123 80 of
15680 19502 198 85 the
15954 19502 345 85 death
16384 19507 123 85 of
16578 19507 435 85 former
17088 19507 335 90 Chief

14759 19691 454 85 Justice
15321 19696 298 80 John
15742 19696 378 99 Curry
16224 19701 128 85 of
16460 19701 198 85 the
16772 19701 652 85 California

14759 19904 539 80 supreme
15378 19890 335 85 court
15798 19909 142 66 on
16020 19890 198 85 the
16299 19894 364 85 ranch
16748 19894 123 85 of
16951 19890 180 90 his
17211 19913 208 66 son

14759 20074 472 104 Robert,
15312 20079 269 85 four
15657 20079 340 90 miles
16077 20088 345 80 north
16502 20088 123 80 of
16696 20088 411 113 Dixon,
17187 20083 231 90 Cal.

14750 20268 180 85 He
15005 20291 246 66 was
15321 20272 113 80 in
15515 20272 184 85 his
15770 20277 822 99 ninety-ninth
16668 20301 317 80 year.

14896 20461 227 85 For
15217 20466 326 94 eight
15638 20490 350 76 years
16077 20471 553 99 previous
16720 20476 118 80 to
16932 20476 198 85 the
17220 20476 198 85 fire

14754 20617 383 104 Judge
15222 20622 373 99 Curry
15685 20622 302 90 lived
16072 20608 113 104 iVi
16276 20631 222 85 San
16587 20631 624 90 Francisco
17296 20646 123 76 at

14764 20773 189 90 the
15019 20778 420 85 Palace
15501 20778 354 90 hotel.
15987 20787 865 99 Subsequently
16909 20792 146 85 he
17112 20787 312 90 lived

14764 20934 180 85 for
15024 20953 66 66 a
15170 20934 283 85 time
15539 20939 113 80 in
15737 20943 274 80 New
16096 20943 354 99 York,
16540 20943 213 90 but
16824 20948 411 99 lately
17277 20948 146 85 he

14759 21094 227 80 and
15090 21094 274 85 Mrs.
15477 21094 373 104 Curry
15964 21099 293 85 have
16370 21104 288 85 been
16772 21099 477 109 leading
17357 21128 66 61 a

14754 21255 331 90 quiet
15142 21250 213 85 life
15411 21274 146 61 on
15619 21255 194 80 the
15879 21260 359 80 ranch
16309 21260 123 85 of
16488 21265 312 80 their
16857 21283 241 80 son,
17164 21283 194 71 sur-

14764 21411 510 85 rounded
15340 21411 146 99 by
15543 21411 222 85 five
15827 21411 917 99 grandchildren
16800 21420 231 90 and
17093 21420 331 85 three

14759 21567 1361 99 great-grandchildren.

14896 21723 222 85 His
15236 21728 591 94 daughter
15954 21728 113 85 in
16200 21732 255 99 law,
16587 21737 269 85 Mrs.
16984 21737 439 85 Robert

14759 21879 402 99 Curry,
15222 21883 99 85 is
15378 21902 71 61 a
15510 21888 354 80 sister
15931 21888 118 80 of
16110 21888 501 99 Spencer
16668 21898 227 80 and
16961 21898 463 85 Samuel

14754 22035 548 90 Buckbee
15369 22044 123 80 of
15553 22044 236 80 this
15855 22044 265 99 city.
16261 22044 241 90 The
16564 22054 468 85 funeral
17098 22072 260 66 serv-

14754 22195 241 85 ices
15057 22219 203 61 are
15326 22200 118 85 to
15510 22200 132 80 be
15709 22200 269 90 held
16049 22200 586 109 Saturday
16696 22214 128 76 at
16890 22209 118 80 11
17079 22233 94 61 a.
17244 22233 175 76 m.,

14764 22351 109 85 in
14986 22356 198 85 the
15298 22356 406 99 chapel
15822 22361 118 85 of
16063 22365 189 80 the
16365 22365 321 85 First
16795 22365 624 90 Unitarian

14754 22512 468 90 church,
15302 22512 255 85 2511
15628 22517 496 85 Octavia
16195 22521 402 99 street,
16663 22531 227 80 and
16965 22526 246 85 will
17287 22526 132 85 be

14754 22668 643 85 conducted
15482 22672 151 99 by
15699 22672 279 85 Rev.
16058 22677 581 85 Bradford
16715 22682 501 85 Leavitt.

14896 22828 123 80 In
15104 22828 194 85 the
15373 22828 331 99 early
15775 22828 364 90 fifties
16209 22852 402 85 young
16677 22833 402 104 Curry,
17150 22838 260 85 who

14759 23003 241 66 was
15109 22984 439 104 spoken
15666 22989 123 80 of
15893 23008 132 66 as
16129 23013 71 66 a

14754 23159 321 66 came
15194 23150 113 76 to
15420 23145 657 85 California
16191 23150 302 80 from
16606 23150 803 90 Westchester

14750 23306 468 94 county.
15293 23301 279 85 New
15638 23301 350 94 York,
16063 23306 227 80 and
16365 23306 435 90 settled
16871 23306 118 85 in
17065 23310 274 90 Benl-

14754 23457 208 99 cia,
15052 23457 279 90 then
15420 23457 198 90 the
15709 23457 435 104 capital
16238 23461 128 85 of
16450 23461 198 85 the
16739 23466 340 85 state.
17235 23471 175 85 He

14759 23617 331 85 made
15184 23636 71 61 a
15350 23636 335 61 name
15784 23617 189 80 for
16068 23613 482 90 himself
16639 23617 146 99 by
16885 23646 458 66 success-

14740 23769 307 104 fully
15109 23769 567 104 handling
15737 23797 61 61 a
15865 23773 487 85 number
16413 23778 123 80 of
16592 23778 501 99 Spanish
17140 23783 269 90 land

14754 23934 354 94 grant
15184 23948 364 76 cases,
15619 23929 231 85 and
15926 23924 298 90 until
16299 23934 137 80 he
16512 23939 487 99 stopped
17074 23957 265 80 prac-

14754 24085 378 104 ticing
15217 24090 118 80 20
15420 24104 345 80 years
15850 24104 227 80 ago
16162 24085 142 85 he
16394 24109 241 61 was
16720 24090 685 94 considered

14754 24246 194 80 the
15038 24241 572 85 foremost
15685 24241 274 85 land
16044 24246 449 99 lawyer
16573 24246 113 80 in
16781 24250 189 94 the
17060 24255 340 85 state.

14887 24402 378 99 Curry
15331 24420 246 61 was
15652 24402 189 80 the
15917 24402 1025 104 anti-Lecompton
17017 24411 307 85 demo-

14750 24557 369 90 cratic
15217 24553 624 90 candidate
15935 24553 184 90 for
16224 24572 581 80 governor
16894 24557 113 90 In
17112 24567 298 90 1859.

14750 24713 175 85 He
15005 24728 246 66 was
15326 24713 439 85 elected
15850 24709 581 90 associate
16507 24718 435 94 justice
17017 24723 123 85 of
17216 24728 198 85 the

14750 24888 534 80 supreme
15364 24869 335 80 court
15775 24865 151 85 in*
15973 24865 255 85 1863
16304 24879 227 80 and
16616 24874 595 94 remained
17291 24883 113 85 in

14754 25025 265 90 that
15137 25025 321 80 office
15586 25020 307 85 until
16016 25025 203 85 the
16342 25025 628 109 following
17093 25058 312 80 year,

14759 25181 331 90 when
15170 25186 142 80 he
15383 25181 468 85 became
15931 25181 317 85 chief
16313 25181 463 99 Justice.
16913 25191 180 85 He
17164 25214 246 66 was

14735 25342 293 80 head
15090 25337 123 85 of
15274 25337 198 80 the
15534 25356 539 80 supreme
16129 25337 364 85 bench
16564 25337 307 90 until
16932 25346 288 94 1868.

14764 25606 997 128 DENTIST'S
15912 25606 529 123 WIFE
16583 25611 170 123 IS
16904 25616 515 132 SHOT

15350 25729 109 85 «F
15940 25814 302 24 _____

14773 25928 402 85 Voting
15293 25923 222 80 Los
15628 25918 510 94 AngeleN
16252 25923 496 80 Woman
16871 25928 534 90 Believed

15274 26083 132 71 to
15487 26074 331 80 Have
15907 26074 397 85 Killed
16398 26079 482 80 Herself

14773 26225 402 99 (Special
15241 26225 454 90 Dispatch
15770 26230 94 71 to
15926 26225 203 76 The
16186 26225 241 90 Call)

14887 26381 255 90 LOS
15231 26381 709 99 ANGELES,
16039 26386 265 85 Dec.
16413 26386 572 94 18.—Mrs.
17079 26400 326 90 Aura

14754 26537 709 94 Schuessler,
15539 26537 123 85 30
15742 26556 345 80 years
16162 26542 217 94 old,
16455 26546 283 85 wife
16809 26556 128 80 of
17003 26551 189 85 Dr.
17277 26561 123 85 R.

14759 26693 161 85 W.
15052 26693 709 94 Schuessler,
15883 26712 66 66 a
16072 26702 482 99 dentist,
16672 26721 250 66 was
17046 26707 359 90 found

14754 26849 269 90 shot
15094 26844 515 104 through
15680 26849 194 90 the
15940 26849 340 90 heart
16361 26854 109 85 in
16545 26858 208 85 her
16819 26858 595 94 beautiful

14754 27005 331 85 home
15165 27009 128 80 at
15373 27005 255 85 1354
15709 27005 331 90 West
16120 27009 827 99 Twenty-fifth
17031 27024 373 80 street

14759 27156 231 90 this
15071 27161 661 85 afternoon.
15888 27161 99 85 It
16072 27161 99 85 is
16247 27161 534 90 believed
16861 27170 260 85 that
17202 27175 203 85 she

14764 27317 680 85 committed
15581 27312 449 90 suicide
16162 27317 350 90 while
16644 27321 756 104 despondent.

14750 27468 269 90 Mrs.
15113 27468 680 90 Schuessler
15888 27472 222 85 had
16205 27472 288 128 bee,n
16587 27472 128 94 ill
16809 27477 184 90 for
17083 27501 321 66 some

14754 27624 307 85 time.

16654 2811 194 94 **
17641 2802 685 184 PSICE
18501 2802 548 156 FIVE
19214 2806 751 161 CENTS.

17546 5225 2220 576 INTERLOCKING

17688 5957 2244 562 DIRECTORATES

17858 6690 841 562 MAKE
18940 6690 1139 562 MONEY

18076 7422 709 562 KING
18926 7408 1238 576 MASTER

17537 8263 1106 198 Corporation
18699 8268 694 151 Headed
19455 8268 260 189 By
19772 8268 420 151 New

17745 8509 458 151 York
18312 8509 713 156 Croesus
19120 8509 784 156 Controls
20013 8518 180 146 18

17745 8745 175 156 of
18066 8754 279 146 the
18496 8754 704 189 Biggest
19337 8745 855 161 Financial

17754 8991 1077 156 Institutions
19058 8995 170 151 in
19465 8995 728 156 Gotham

17745 9241 378 170 and,
18227 9236 817 189 Through
19148 9236 614 151 Drexel
19866 9241 331 151 and

17750 9472 917 198 Company,
18883 9477 444 151 Four
19535 9477 175 151 of
19918 9482 279 151 the

17754 9713 713 198 Largest
18633 9718 170 151 in
18973 9718 1214 194 Philadelphia;

17745 9926 1195 161 Examination
19143 9931 1044 156 Sensational

17537 10384 1356 156 RESOURCES
19006 10384 789 156 TOTAL

17740 10625 983 156 •NEARLY
18798 10620 1384 189 $26,000,000,000

17542 11083 945 189 Magnate's
18746 11083 694 156 Former
19696 11083 406 156 Asso-

17745 11324 468 180 ciate,
18283 11329 808 151 Declared
19157 11357 180 123 to
19394 11329 241 151 Be
19691 11329 411 151 Actu-

17745 11575 387 151 ated
18250 11570 222 194 by
18581 11570 836 194 Revenge,
19545 11570 657 194 Clearly

17745 11811 879 156 Intimates
18756 11839 180 128 at
19063 11811 1139 198 Washington

17745 12052 694 198 Inquiry
18539 12057 454 151 That
19096 12061 274 146 He
19469 12061 175 151 Is
19743 12061 345 146 Aim-

17745 12298 293 198 ing
18175 12326 180 123 to
18510 12302 548 151 Strike
19205 12331 175 123 at
19535 12302 666 156 Other's

17745 12539 666 180 Power;
18576 12539 883 198 Capitalist
19620 12576 180 118 to
19965 12548 236 151 Be

17754 12784 770 156 Recalled
18647 12817 184 123 to
18959 12784 524 156 Stand
19606 12794 595 189 Today

18472 13271 265 80 IRA
18813 13271 704 80 BENNETT

17561 13446 397 99 (Special
18028 13450 458 94 Dispatch
18553 13460 104 71 to
18713 13460 198 76 The
18969 13455 246 90 OH)

17674 13606 1025 104 WASHINGTON.
18869 13616 269 90 Dec
19318 13616 605 94 18.—That
20098 13625 94 85 J.

17546 13800 557 104 Pierpont
18194 13805 496 104 Morgan
18780 13809 94 85 <fe
18964 13814 189 85 Co.
19247 13814 524 85 controls
19866 13814 123 90 18
20079 13819 123 85 of

17556 13994 203 85 the
17891 13994 487 104 biggest
18506 14003 553 85 financial
19191 14003 756 90 institutions
20088 14013 104 76 in

17546 14150 283 90 New
17910 14154 321 85 York
18317 14154 241 99 city
18647 14159 255 94 and,
18992 14159 520 104 through
19597 14169 420 80 Drexei
20112 14164 90 85 <fc

17556 14306 217 94 Co.,
17844 14310 274 85 four
18189 14310 118 90 of
18378 14315 198 85 the
18643 14315 458 99 largest
19172 14315 383 90 banks
19620 14320 118 85 in
19814 14324 326 85 Phila-

17551 14466 506 104 delphia,
18132 14490 250 66 wai
18449 14471 198 85 the
18723 14476 591 85 assertion
19389 14480 624 90 contained
20098 14485 109 80 In

17546 14646 76 61 a
17712 14627 402 99 report
18213 14627 354 104 given
18661 14636 213 80 out
18969 14631 151 99 by
19214 14631 463 90 Samuel

17556 14797 326 85 myer
17967 14783 331 104 prior
18387 14792 123 80 to
18591 14787 458 104 calling
19139 14787 491 109 Morgan
19724 14797 482 85 himself

17546 14943 113 80 to
17745 14939 198 85 the
18028 14943 350 85 stand
18458 14948 132 80 at
18671 14948 454 99 today's
19214 14948 501 104 hearing
19800 14953 123 85 of
20003 14953 198 85 the

17542 15118 416 80 money
18047 15104 312 80 trust
18449 15104 888 99 investigation.

17669 15255 586 94 Attorney
18312 15255 713 104 Untermyer
19077 15260 227 90 had
19365 15274 572 94 prepared
20008 15274 189 85 tli*

17542 15435 260 71 way
17896 15411 184 85 for
18175 15435 76 66 a
18340 15416 737 85 sensational
19172 15425 798 85 examination
20079 15425 118 90 o(

17537 15567 491 104 Morgan
18137 15572 151 99 by
18392 15572 496 109 making
18992 15581 392 99 public
19498 15581 194 85 the
19800 15600 392 85 report

17537 15728 567 99 compiled
18189 15732 151 99 by
18416 15728 487 94 himself
18973 15737 227 85 and
19285 15737 180 85 his
19545 15742 652 85 associates

17532 15883 383 85 which
17981 15883 142 85 he
18189 15888 477 90 Intends
18732 15893 118 85 to
18917 15898 293 85 offer
19276 15898 113 85 in
19460 15898 543 90 evidence
20079 15902 109 80 in

17537 16049 491 99 support
18113 16044 123 85 of
18321 16044 184 90 his
18591 16049 652 99 allegation
19337 16058 255 80 that
19687 16058 326 85 there
20098 16063 94 76 is

17532 16224 71 61 a
17674 16224 416 80 money
18165 16205 321 85 trust
18553 16205 746 109 dominating
19370 16214 198 80 the
19644 16214 543 90 financial

17542 16356 411 90 affairs
18024 16361 123 85 of
18217 16365 194 85 the
18477 16365 425 85 United
18978 16370 420 85 States.

17537 16526 784 76 ACTUATED
18402 16526 194 85 BY
18666 16531 713 85 REVEXGE

17674 16677 529 90 Bankers
18274 16687 227 80 and
18576 16682 506 99 lawyers
19153 16691 260 80 who
19488 16710 302 66 were
19866 16715 260 80 pres-

17542 16838 194 85 ent
17811 16843 123 80 at
18014 16838 189 80 the
18283 16838 496 109 hearing
18860 16847 350 94 today
19280 16857 222 85 and
19583 16857 605 80 examined

17542 16994 194 85 the
17854 17003 397 90 report
18369 16994 250 90 said
18742 16998 260 85 that
19120 17003 704 99 Untermyer
19946 17031 241 61 wa«

17542 17154 548 85 actuated
18198 17159 156 94 by
18463 17178 506 80 revenge
19077 17164 454 85 toward
19644 17187 312 66 some
20069 17169 123 80 of

17537 17310 184 90 his
17811 17306 439 90 former
18335 17315 458 85 friends
18879 17315 118 90 in
19087 17320 302 80 Wall
19483 17329 402 90 street,
19984 17329 194 76 but

17537 17471 128 85 at
17745 17466 198 90 the
18024 17476 477 94 present
18591 17471 279 85 time
18950 17471 94 90 it
19129 17480 94 80 is
19309 17480 321 99 quite
19720 17480 468 85 evident

17542 17627 260 85 that
17858 17627 709 99 Untermyer
18624 17627 340 90 holds
19025 17631 198 94 the
19280 17636 312 109 whip
19658 17636 335 90 hand.

17669 17787 600 99 Although
18369 17783 496 104 Morgan
18964 17787 260 90 wat
19304 17811 142 66 on
19550 17797 189 85 the
19838 17806 345 76 stand

17532 17948 213 80 but
17839 17967 71 66 a
18009 17943 335 90 short
18449 17943 307 104 time,
18865 17948 704 99 Unteftayer
19672 17957 515 99 brouglt

17537 18104 298 85 from
17920 18104 231 80 him
18231 18104 198 85 the
18501 18104 255 85 fact
18831 18104 260 90 that
19162 18104 94 90 J.
19337 18113 109 80 P.
19531 18113 482 99 Morgan
20098 18118 80 80 &

17532 18260 184 90 Co.
17787 18260 99 85 Is
17943 18283 66 61 a
18076 18260 468 104 private
18605 18260 350 99 bank,
19020 18260 359 109 doing
19441 18269 194 80 the
19706 18279 477 90 general

17532 18416 543 90 business
18137 18420 118 85 of
18312 18444 66 61 a
18435 18416 543 109 banking
19030 18420 713 94 institution.
19880 18425 227 90 Mor-

17537 18600 227 80 gan
17844 18576 255 85 said
18180 18576 269 90 that
18524 18576 198 90 the
18798 18581 524 99 deposits
19398 18581 113 85 In
19592 18581 198 90 the
19866 18591 321 85 bank

17537 18756 142 66 on
17735 18737 652 85 November
18454 18737 118 85 12
18638 18742 628 85 amounted
19332 18746 118 76 to
19517 18737 666 99 $81,000.WN)

17532 18902 222 85 and
17854 18893 260 85 that
18213 18893 123 90 71
18430 18893 817 104 corporations
19337 18893 288 90 with
19724 18926 71 66 a
19880 18902 302 85 total

17532 19049 883 109 capitalization
18576 19054 123 85 of
18855 19049 841 99 $9,000,000,000
19852 19063 335 85 made

17532 19209 312 90 their
17920 19205 520 109 deposits
18520 19214 113 80 in
18713 19214 265 80 that
19054 19209 713 90 Institution.

17537 19408 624 85 STRIKES
18231 19408 194 80 AT
18501 19408 1346 90 MORGAN'S'POWER

17665 19564 803 94 Untermyer's
18647 19559 609 104 questions
19431 19569 123 80 at
19734 19573 449 94 today's

17532 19724 506 99 hearing
18151 19720 624 85 intimated
18888 19720 444 104 clearly
19446 19729 265 80 that
19833 19734 137 80 he
20098 19734 90 80 is

17537 19880 449 99 aiming
18099 19885 113 76 to
18321 19880 387 80 strike
18813 19885 128 76 at
19054 19880 194 80 the
19356 19904 397 85 power
19857 19890 123 80 of
20098 19894 85 76 .].

17537 20041 562 99 Pierpont
18175 20036 524 99 Morgan,
18780 20036 265 80 who
19124 20036 250 90 will
19455 20041 137 85 be
19625 20046 562 109 Recalled

17537 20202 118 80 to
17745 20197 198 85 the
18028 20197 350 85 stand
18458 20197 643 85 tomorrow
19186 20197 576 104 morning.

17665 20348 822 104 Incidentally,
18628 20353 203 85 the
18969 20357 609 99 questions
19724 20362 123 85 of
19989 20367 198 80 the

17532 20513 472 85 counsel
18076 20513 194 80 for
18335 20513 198 80 the
18605 20513 671 90 committee
19342 20537 208 66 are
19616 20518 567 104 designed

17532 20679 123 80 to
17740 20674 326 80 show
18156 20669 265 90 that
18506 20669 198 80 the
18784 20669 283 85 New
19143 20669 335 94 York
19559 20679 340 85 stock
19984 20707 132 61 ex-

17532 20835 454 99 change
18080 20825 99 90 is
18283 20830 529 99 engaged
18917 20825 118 90 in
19134 20825 643 99 interstate
19871 20858 231 71 com-

17532 21009 406 71 merce,
18009 20991 222 85 and
18302 21005 128 66 a*
18496 20986 283 85 such
18846 20986 109 85 is
19011 20981 468 104 subject
19540 20995 128 80 to
19729 20991 449 94 federal

17532 21128 704 104 regulation.
18383 21128 109 85 It
18557 21128 99 85 Is
18728 21128 562 99 probable
19365 21128 269 90 that
19701 21137 203 85 the
19975 21142 203 85 bill

17532 21288 378 90 which
18009 21283 137 85 he
18236 21283 250 85 will
18572 21283 331 90 draft
18987 21283 189 85 for
19266 21288 676 94 enactment
20036 21293 146 99 by

17532 21449 198 85 the
17844 21439 713 94 democratic
18666 21458 567 85 congress
19342 21444 246 85 will
19701 21454 477 85 contain

17532 21628 66 61 a
17679 21605 472 109 proviso
18236 21600 614 104 requiring
18926 21600 340 90 stock
19351 21600 501 90 brokers
19932 21619 184 76 act-

17537 21765 326 94 ually
17986 21761 113 85 to
18222 21756 449 94 deliver
18780 21756 165 90 all
19058 21756 420 90 shares
19602 21761 123 85 of
19843 21770 335 85 stock

17537 21917 454 104 bought
18071 21940 132 61 or
18279 21917 255 94 sold
18614 21917 231 85 and
18931 21917 118 85 to
19134 21917 222 90 end
19436 21917 198 90 the
19715 21926 468 104 alleged

17537 22072 860 109 manipulation
18468 22072 123 85 of
18666 22077 198 85 the
18935 22077 340 85 stock
19346 22077 496 90 market.

17542 22370 1115 378 MORGAN
18723 22380 317 161 ON
19106 22380 898 165 CARPET

17872 22625 865 165 BEFORE
18822 22630 1351 165 COMMITTEE

17551 23117 175 94 (By
17816 23117 548 85 Associated
18454 23121 307 76 Press)

17683 23282 1020 94 WASHINGTON,
18784 23282 269 99 Dec.
19148 23272 260 94 18.—
19408 23272 132 94 J.
19635 23282 553 104 Pierpon*

17551 23438 496 99 Morgan
18184 23438 548 99 occupied
18874 23438 194 85 the
19195 23438 402 85 center
19734 23438 123 85 of
19994 23443 194 85 the

17546 23603 340 90 stage
17962 23598 354 94 today
18387 23594 406 85 before
18869 23594 194 90 the
19139 23608 123 71 so
19328 23589 378 90 called

17542 23759 321 80 trust
17981 23745 860 104 investigation
18959 23745 671 90 committee
19748 23750 123 85 of
19994 23754 198 85 the

17542 23910 364 85 house
18019 23906 123 85 of
18246 23906 1039 104 representatives.

17683 24061 231 90 The
18028 24066 354 85 noted
18496 24061 557 85 financier
19162 24061 491 94 reached
19762 24066 340 90 Wash-

17542 24222 420 99 ington
18038 24222 236 90 last
18350 24217 340 104 night
18770 24217 113 85 in
18950 24236 557 80 response
19583 24227 118 76 to
19772 24246 71 66 a
19913 24227 208 80 sub-

17537 24402 302 80 pena
17939 24378 302 85 from
18350 24383 198 80 the
18643 24378 699 90 committee,
19446 24378 208 85 but
19753 24378 90 85 it
19942 24402 246 66 was

17537 24539 213 85 not
17863 24534 312 90 until
18288 24534 241 85 2:40
18647 24529 439 85 o'clock
19205 24524 236 90 this
19559 24529 628 94 afternoon

17542 24690 269 90 that
17896 24690 198 90 the
18180 24713 265 76 way
18529 24704 246 66 was
18860 24680 458 90 cleared
19408 24680 184 90 for
19677 24690 184 80 his
19951 24694 175 76 tes-

17546 24846 449 99 timony
18109 24850 118 85 to
18335 24846 378 99 begin.
18954 24836 628 90 Meantime
19691 24836 491 109 Morgan

17499 25011 231 80 -sat
17806 25002 189 90 for
18066 25002 406 104 nearly
18548 25016 146 71 an
18775 24997 293 85 hour
19143 24992 576 104 listening
19791 25002 118 80 to
19994 25002 194 80 the

17546 25181 317 66 mass
17995 25157 123 85 of
18250 25148 591 90 statistics
18969 25148 383 85 which
19479 25148 709 104 Untermyer

17542 25318 227 85 and
17839 25313 198 90 the
18109 25304 671 90 committee
18855 25323 307 66 were
19233 25299 383 104 piling
19687 25323 151 80 up
19909 25323 208 71 con-

17542 25469 491 109 cerning
18161 25469 198 85 the
18472 25460 506 90 colossal
19106 25460 539 85 financial
19772 25479 345 80 opera-

17542 25630 317 85 tions
17976 25625 123 90 of
18213 25620 482 94 leading
18808 25616 274 85 New
19205 25611 345 94 York,
19672 25611 515 104 Chicago

17561 25791 222 80 and
17920 25786 444 76 Boston
18501 25772 751 90 Institutions
19394 25767 520 104 through
20050 25791 132 66 so

17537 25937 373 99 called
18000 25923 803 104 interlocking
18888 25923 803 90 directorates.

17542 26093 614 85 MORGAX
18274 26083 666 85 APPEARS
19054 26079 718 85 UNMOVED

17674 26244 491 104 Morgan
18236 26239 359 90 heard
18661 26235 180 85 his
18902 26258 255 61 own
19228 26258 335 61 name
19630 26239 222 85 and
19918 26239 269 90 that

17542 26405 123 90 of
17759 26405 180 85 his
18028 26405 250 80 firm
18364 26395 524 85 referred
18983 26400 113 76 to
19186 26405 345 85 many
19620 26395 354 85 times
20055 26414 128 66 as

17542 26561 387 85 tables
18085 26570 298 71 were
18529 26546 619 99 presented
19294 26546 553 104 showing
19984 26551 203 90 the

17542 26712 685 90 affiliations
18317 26707 118 85 of
18524 26707 265 85 that
18865 26717 496 71 concern
19450 26698 293 85 with
19828 26721 354 85 many

17542 26868 411 90 banks,
18043 26872 321 80 trust
18449 26858 699 99 companies,
19238 26863 945 99 transportation

17537 27024 227 85 and
17877 27014 633 90 industrial
18619 27014 841 99 corporations.
19696 27014 175 85 He
19975 27038 142 80 ap-

17537 27180 425 99 peared
18057 27170 567 85 unmoved
18713 27165 737 99 throughout
19531 27170 90 85 it
19710 27170 189 90 all.

17674 27326 591 99 Morgan's
18359 27321 638 99 testimony
19087 27317 378 94 lasted
19554 27321 416 113 barely
20065 27331 118 85 20

17490 27468 24 118 I
17537 27482 515 85 minutes
18161 27482 227 85 and
18496 27501 241 61 was
18846 27472 463 104 largely
19417 27472 770 113 preliminary

17490 27600 170 123 Ito
17773 27633 189 90 the
18076 27638 633 94 testimony
18817 27638 113 80 to
19039 27628 142 90 be
19280 27633 359 104 given
19743 27643 444 90 toruor*
